=LDR  02330 as a2200601ua 4500
=001  012770156
=003  Uk
=005  20140512144831.0
=007  ta
=008  841211d19831985xxuar\\\\\\\\\0\\\a0eng\\
=019  0\$as519284011
=019  c\$a2259384
=022  0\$a0892-0710
=040  \\$aUk$cUk
=084  \\$aAA 690$2blsrissc
=222  \0$aGenetic engineering and biotechnology firms worldwide directory
=245  00$aGenetic engineering and biotechnology firms worldwide directory.
=260  \\$aKingston, N.J. :$bSittig and Noyes,$c1984-1885.
=300  \\$av. ;$c28 cm.
=336  \\$atext$2rdacontent
=337  \\$aunmediated$2rdamedia
=338  \\$avolume$2rdacarrier
=362  0\$a1983/1984-4th ed. (1985).
=540  \\$aBritish Library not licensed to copy$c0$5Uk
=595  \\$aCONTD AS 4111.84628 1986- See also card index
=780  00$tDirectory of genetic engineering and biotechnology firms U.S.A.
=785  00$tGenetic engineering and biotechnology related firms worldwide directory$x0890-0906
=852  41$aBritish Library$bDSC$j4111.846200$31983/1984- 1985 *A=1
=852  71$aBritish Library$bSTI$cRES$k(XP)$hAA 690$m-E(38)$2blsrissc$31983/84- 1997 ; Deficient: 7th, 8th, 1988, 89
=859  \\$aXLD$bdatasets
=886  2\$2blmarc$a029$b00$aS519284003
=945  \\$aGENETIC ENGINEERING AND BIOTECHNOLOGY FIRMS WORLDWIDE DIRECTORY.
=959  \\$fHeld but not currently received
=968  \\$bX
=ACF  \\$aPrevious copyright fee: GBP10.50$c0$e01-jan-2011$fGBP10.50$g0$hA$5Uk
=CAT  \\$aCONV$b00$c20040425$lBLL90$h0855
=CAT  \\$aCONV$b00$c20040502$lBLL01$h1519
=CAT  \\$aBATCH$b00$c20091123$lBLL01$h0331
=CAT  \\$a6537$b40$c20140512$lBLL01$h1448
=CAT  \\$aBATCH-CLA$b00$c20140530$lBLL01$h1711
=CAT  \\$aIPL-CLA$c20140630$lBLL01$h1719
=CAT  \\$aBATCH-CORR$c20160706$lBLL01$h1110
=CAT  \\$aW1606-1753$c20171028$lBLL01$h1330
=CFI  0\$aBritish Library not licensed to copy$c0$e01-jul-2014$hC$iCFP Excluded$5Uk
=CFI  2\$aBritish Library not licensed to copy$c0$e07-sep-2011$hC$iTX$5Uk
=FIN  \\$aY
=FMT  \\$a  SE
=LAS  \\$aW1606-1753$b00$c20171028$lBLL01$h1330
=LEO  \\$aMP10.0000245384
=LEO  \\$aMP25.0000210408
=SRC  \\$aDSS01$bbibmp10.200404.2.aa
=SRC  \\$aSRI01$bbibmp25.200404.2.aa
=TCO  \\$aTRS$bCCC$c008

