=LDR  04164aas a2201021 a 4500
=001  008907282
=003  Uk
=005  20140523111402.0
=007  ta
=008  930629d19922013no\tr\p\\\\\\\0\\\a0eng\\
=FMT  \\$a  SE
=019  c\$a2455895
=019  0\$as590598007
=022  0\$a0803-7108
=040  \\$aUk$beng$cUk$dUk
=042  \\$aukblsr
=082  04$a622.33819$221
=084  \\$aVR 82$2blsrissc
=110  2\$aNorske Veritas (Organization)
=222  \0$aDNV forum
=245  10$aDNV forum.
=246  1\$iMinor title change:$aForum,$f2010-
=260  \\$aHøvik :$bNorske Veritas,$c1992-[2013]
=300  \\$billustrations (black and white, and colour) ;$c28-30 cm
=310  \\$aThree issues yearly
=321  \\$aQuarterly
=336  \\$atext$2rdacontent
=337  \\$aunmediated$2rdamedia
=338  \\$avolume$2rdacarrier
=362  1\$aCeased with no 03 (2013).
=595  \\$aFORMERLY 9170.13 UP TO N0. 20, 1991/1992 SEE ALSO CARD INDEX.
=588  \\$aLatest issue consulted: no 01 (2013).
=540  \\$aBritish Library not licensed to copy$c0$5Uk
=650  \0$aRisk management$vPeriodicals.
=780  00$tVeritas forum$x0801-714X
=785  00$tForum (Bærum, Norway)
=859  \\$aXLD$bdatasets
=852  41$aBritish Library$bDSC$j3605.739000$3No. 2 (1992)-no. 1 (2013)
=852  41$aBritish Library$bHMNTS$jZK.9.a.12939$3No. 2 (2010)-no. 1 (2013)
=852  71$aBritish Library$bSTI$k(P)$hVR 82$m-E(7)$2blsrissc$3No. 2 (1992)-no. 1 (2010)***Incomplete stock, please check shelf
=945  \\$aDNV FORUM
=959  \\$fHeld but not currently received
=A02  \\$a2455895
=CAT  \\$aCONV$b00$c20040425$lBLL90$h0857
=CAT  \\$aBATCH-UPD$b00$c20101201$lBLL01$h1219
=CAT  \\$aIPL-CLA$c20101231$lBLL01$h1240
=CAT  \\$aBATCH-CLA$b00$c20110831$lBLL01$h1759
=CAT  \\$a8124$b40$c20110915$lBLL01$h1431
=CAT  \\$aIPL-CLA$c20110930$lBLL01$h1515
=CAT  \\$aBATCH-CLA$b00$c20111130$lBLL01$h1156
=CAT  \\$aIPL-CLA$c20111230$lBLL01$h1742
=CAT  \\$aBATCH-CLA$b00$c20120229$lBLL01$h1557
=CAT  \\$aIPL-CLA$c20120330$lBLL01$h1401
=CAT  \\$aBATCH-CLA$b00$c20120531$lBLL01$h1718
=CAT  \\$aIPL-CLA$c20120629$lBLL01$h0958
=CAT  \\$aBATCH-CLA$b00$c20120831$lBLL01$h1545
=CAT  \\$aIPL-CLA$c20120930$lBLL01$h2017
=CAT  \\$aBATCH-CLA$b00$c20121104$lBLL01$h1020
=CAT  \\$aWR12_128$c20121113$lBLL01$h1838
=CAT  \\$aBATCH-CLA$b00$c20130228$lBLL01$h1710
=CAT  \\$aWR13.005$c20130323$lBLL01$h1516
=CAT  \\$aIPL-CLA$c20130331$lBLL01$h1044
=CAT  \\$a540_fix$c20130403$lBLL01$h2005
=CAT  \\$aBATCH-CLA$b00$c20130531$lBLL01$h1642
=CAT  \\$aIPL-CLA$c20130701$lBLL01$h0008
=CAT  \\$a8323$b40$c20140519$lBLL01$h0954
=CAT  \\$a8335$b40$c20140523$lBLL01$h1114
=CAT  \\$aBATCH-CORR$c20160706$lBLL01$h1110
=CAT  \\$aW1606-1753$c20171028$lBLL01$h1330
=CFI  0\$aBritish Library not licensed to copy$c0$e01-jul-2013$hC$iCFP Excluded$5Uk
=CFI  2\$aBritish Library not licensed to copy$c0$e01-apr-2013$hC$iCFP Excluded$5Uk
=FIN  \\$aY
=LEO  \\$aMP10.0000192722
=LEO  \\$aMP25.0000281814
=LKR  \\$aPAR$b007535903$lBLL01$r78000$mDNV forum$nVeritas forum
=SRC  \\$aDSS01$bbibmp10.200404.2.aa
=SRC  \\$aSRI01$bbibmp25.200404.2.aa
=TCO  \\$aXXX$c008
=ACF  \\$aBritish Library not licensed to copy$c0$e01-apr-2012$hC$iCLA Excluded$5Uk
=ACF  \\$aBritish Library not licensed to copy$c0$e01-jan-2012$hC$iCLA Excluded$5Uk
=ACF  \\$aBritish Library not licensed to copy$c0$e01-oct-2011$hC$iCLA Excluded$5Uk
=ACF  \\$aPrevious copyright fee: GBP10.50$c0$e01-jan-2011$fGBP10.50$g0$hA$5Uk
=ACF  \\$aPrevious copyright fee: GBP5.00$c0$e01-jul-2002$fGBP5.00$g0$hC$5Uk
=ACF  \\$aCurrent copyright fee: GBP2.50$c0$e01-jul-1998$fGBP2.50$g0$hC$5Uk
=ACF  \\$aCurrent copyright fee: GBP2.30$c0$e01-apr-1997$fGBP2.30$g0$hC$5Uk
=ACF  \\$aBritish Library not licensed to copy$c0$e01-jul-2012$hC$iCLA Excluded$5Uk
=ACF  \\$aBritish Library not licensed to copy$c0$e01-oct-2012$hC$iCFP Excluded$5Uk
=LAS  \\$aW1606-1753$b00$c20171028$lBLL01$h1330

