=LDR  01792cem a2200529 i 4500
=001  012864047
=003  Uk
=005  20230223160638.0
=007  aj\aanzn
=008  040425s2001\\\\enk\\\\\\\a\\\\\0\\\eng\\
=FMT  \\$a  MP
=034  1\$aa
=040  \\$aUk$beng$cUk$erda
=042  \\$aukblsr
=082  04$a912.42646$223
=100  1\$aGeorge, Wilfrid.
=245  10$aFootpath map around Orford with Tunstall forest /$cby Wilfrid George.
=250  \\$aSixteenth edition.
=255  \\$aNot drawn to scale.
=260  \\$aAldeburgh, Suffolk :$bWilfrid George,$c2001-
=300  \\$a1 map ;$c38 x 51 cm
=336  \\$acartographic image$2rdacontent
=337  \\$aunmediated$2rdamedia
=338  \\$asheet$2rdacarrier
=500  \\$aOriginal survey 1976, with revision to 2001.
=500  \\$aIncludes local and footpath information and the country code.
=500  \\$aIncludes later editions.$5Uk
=650  \0$aTrails$zEngland$zSuffolk$zOrford$vMaps.
=651  \0$aOrford (Suffolk, England)$vMaps.
=655  \7$aTourist maps.$2fast$0(OCoLC)fst01423809
=859  \\$aXLD$bdatasets
=852  41$aBritish Library$bMAPS$jMaps X.9429.
=957  \\$r10/9/03
=985  \\$aUpdated by MS generated file for WR2302-017
=CAT  \\$aCONV$b00$c20040425$lBLL90$h0919
=CAT  \\$aCONV$b00$c20040502$lBLL01$h1521
=CAT  \\$aBATCH$b00$c20091211$lBLL01$h0052
=CAT  \\$a7889$b40$c20130513$lBLL01$h1232
=CAT  \\$a7889$b40$c20130703$lBLL01$h0833
=CAT  \\$aWR13.117$c20130718$lBLL01$h1857
=CAT  \\$aWR15_030$c20150416$lBLL01$h1816
=CAT  \\$aW1606-1753$c20171028$lBLL01$h1330
=CAT  \\$aW2302-0174$c20230223$lBLL01$h1952
=FIN  \\$aY$d20130513
=LDO  \\$aLDO$bmap
=SRC  \\$aLDS01$bbiblm.200404.2.aa
=LAS  \\$aW2302-0174$b00$c20230223$lBLL01$h1952

