=LDR  01614cem a2200481 i 4500
=001  012864226
=003  Uk
=005  20230223160638.0
=007  aj\aanzn
=008  040425s2000\\\\enk\\\\\\\a\\\\\0\\\eng\\
=FMT  \\$a  MP
=034  1\$aa
=040  \\$aUk$beng$cUk$erda
=082  04$a912.42612$223
=100  1\$aGeorge, Wilfrid.
=245  10$aFootpath map of Mundesley with North Walsham /$cby Wilfrid George.
=250  \\$aSeventh edition.
=255  \\$aNot drawn to scale.
=260  \\$aAlbeburgh, Suffolk :$bWilfrid George,$c2000.
=300  \\$a1 map ;$c38 x 51 cm
=336  \\$acartographic image$2rdacontent
=337  \\$aunmediated$2rdamedia
=338  \\$asheet$2rdacarrier
=500  \\$aOriginal survey 1980/81, with revision to 2000.
=500  \\$aIncludes local and footpath information and the country code.
=650  \0$aTrails$zEngland$zMundesley$vMaps.
=651  \0$aMundesley (England)$vMaps.
=655  \7$aTourist maps.$2fast$0(OCoLC)fst01423809
=859  \\$aXLD$bdatasets
=852  41$aBritish Library$bMAPS$jMaps X.9468.
=957  \\$r10/9/03
=985  \\$aUpdated by MS generated file for WR2302-017
=CAT  \\$aCONV$b00$c20040425$lBLL90$h0919
=CAT  \\$aCONV$b00$c20040502$lBLL01$h1521
=CAT  \\$aBATCH$b00$c20091211$lBLL01$h0052
=CAT  \\$a7889$b40$c20130427$lBLL01$h1450
=CAT  \\$aWR13.117$c20130718$lBLL01$h1857
=CAT  \\$aW1606-1753$c20171028$lBLL01$h1330
=CAT  \\$aW2302-0174$c20230223$lBLL01$h1952
=FIN  \\$aY$d20130427
=LDO  \\$aLDO$bmap
=SRC  \\$aLDS01$bbiblm.200404.2.aa
=LAS  \\$aW2302-0174$b00$c20230223$lBLL01$h1952

