=LDR  02355cem a2200625 a 4500
=001  012982482
=003  Uk
=005  20230223160654.0
=007  aj\canzn
=008  060308s2004\\\\enkg\\\\\\a\\\\\0\\\eng\d
=FMT  \\$a  MP
=016  \\$a012982482
=020  \\$a0906227763
=020  \\$a9780906227763
=035  \\$a(OCoLC)162331320
=040  \\$aGEBAY$bger$cGEBAY$dNLE$dOCLCQ$dUk$erakwb
=042  \\$aukblderived
=245  00$aIndian Himalaya maps.$nsheet 9,$pJammu & Kashmir : Rupshu, Tso Moriri, Pangong Tso ; trekking and mountaineering map ; trekking routes with short descriptions, peaks and physical topography :$btrekking routes with short description and physical topography.
=246  3\$aJammu and Kashmir
=250  \\$a1:200 000.
=255  \\$aScale 1:200 000.
=260  \\$aEngland :$bLeomann Maps,$cc2004.
=300  \\$a1 map :$bcol. ;$c55 x 88 cm., folded to 14 x 23 cm.
=336  \\$acartographic image$2rdacontent
=337  \\$aunmediated$2rdamedia
=338  \\$asheet$2rdacarrier
=500  \\$aRelief shown by spot heights.
=500  \\$aPanel title.
=500  \\$aIncludes exploration and mountaineering information and col. ill.
=650  \0$aHiking$zHimalayan Range$vMaps.
=651  \0$aHimalaya Mountains$vMaps.
=651  \0$aJammu and Kashmir (India)$vMaps.
=655  \7$aPhysical maps.$2fast$0(OCoLC)fst01423806
=773  18$w(DE-MnBSB)138309
=859  \\$aXLD$bdatasets
=852  41$aBritish Library$bMAPS$jMaps X.9235.
=985  \\$aUpdated by MS generated file for WR2302-017
=CAT  \\$a6923$b40$c20040901$lBLL01$h1203
=CAT  \\$a6923$b40$c20040901$lBLL01$h1204
=CAT  \\$a7889$b40$c20121129$lBLL01$h1247
=CAT  \\$a7889$b40$c20121129$lBLL01$h1652
=CAT  \\$a7889$b40$c20121129$lBLL01$h1653
=CAT  \\$a7889$b40$c20121129$lBLL01$h1654
=CAT  \\$a7889$b40$c20121129$lBLL01$h1656
=CAT  \\$a7889$b40$c20121129$lBLL01$h1657
=CAT  \\$a7889$b40$c20121129$lBLL01$h1658
=CAT  \\$aWR13.117$c20130718$lBLL01$h1857
=CAT  \\$aBATCH-UPD$b00$c20151210$lBLL01$h0041
=CAT  \\$aWR16_021$c20160610$lBLL01$h1954
=CAT  \\$aBATCH-016$c20160905$lBLL01$h1706
=CAT  \\$aW1606-1753$c20171028$lBLL01$h1330
=CAT  \\$aW2302-0174$c20230223$lBLL01$h1952
=FIN  \\$aY$d20121129
=SID  \\$aZ39$bOCLC
=LAS  \\$aW2302-0174$b00$c20230223$lBLL01$h1952

