=LDR  01459 am a2200409 a 4500
=001  011828485
=003  Uk
=005  20140220121503.0
=008  030604s1918\\\\ii\\\\\\\\\\\\000\0\tamr\
=FMT  \\$a  BK
=019  2\$aiold28849
=040  \\$aUk$cUk
=041  1\$atam$heng
=100  1\$aMoffat, A.,$cMrs.
=240  10$aExperiences of the war.$lTamil
=245  10$aPōraip par̲r̲iya an̲upavaṅkaḷ :$bMissis A. Māper̲r̲en̲n̲um ammaiyār el̲utiyatu /$c[translated into Tamil by S.Anavaratavinayakam Pillai].
=260  \\$aMadras :$bMacmillan,$c1918.
=300  \\$aviii, 22 p. :$bill. ;$c18 cm.
=336  \\$atext$2rdacontent
=337  \\$aunmediated$2rdamedia
=338  \\$avolume$2rdacarrier
=650  \0$aWorld War, 1914-1918$vPersonal narratives, English.
=700  1\$aAn̲avaratavināyakam Piḷḷai, Cu.
=859  \\$aXLD$bdatasets
=852  41$aBritish Library$bOC$jpTam.B.2361
=852  41$aBritish Library$bOC$jpTam.B.3146$3[Another copy.]
=CAT  \\$aCONV$b00$c20040425$lBLL90$h0730
=CAT  \\$aCONV$b00$c20040502$lBLL01$h1447
=CAT  \\$aBATCH$b00$c20091122$lBLL01$h1923
=CAT  \\$a8803$b40$c20140220$lBLL01$h1215
=CAT  \\$aBATCH-CORR$c20160706$lBLL01$h1110
=CAT  \\$aBATCH-UPD$b00$c20160706$lBLL01$h1110
=CAT  \\$aW1606-1753$c20171028$lBLL01$h1330
=FIN  \\$aY$d20140220
=LEO  \\$aMP13.0000470023
=SRC  \\$aHSS01$bbibmp13.200404.2.aa
=LAS  \\$aW1606-1753$b00$c20171028$lBLL01$h1330

