=LDR  02001cas a2200613 a 4500
=001  009985906
=003  Uk
=005  20181212134054.0
=007  ta
=008  920127c19859999fr\ar\p\\\\\\\0\\\b0fre\\
=FMT  \\$a  SE
=019  1\$ar6229588
=040  \\$aUk$beng$cUk$dUk
=042  \\$aukblsr
=082  04$a338.4775$223
=245  03$aLa cote des peintres.
=246  13$aAkoun, la cote des peintres
=260  \\$aParis :$bEditions La cote de l'amateur,$c[1985]-
=264  \1$a[Saint ouen l'aumône]$bIsandra Editions
=300  \\$av. :$bcol. ill. ;$c22 cm
=310  \\$aAnnual
=336  \\$atext$2rdacontent
=337  \\$aunmediated$2rdamedia
=338  \\$avolume$2rdacarrier
=362  1\$aBegan in 1985.
=588  \\$aLatest issue consulted: 2014/2015.
=650  \0$aPainting$xPrices$vPeriodicals.
=653  \\$aPaintings$aAuction prices$ato date$aSerials
=690  7\$aManagement and Business Studies$2blcoll
=700  1\$aAkoun, J.-A.,$d1947-
=859  \\$aXLD$bdatasets
=852  41$aBritish Library$bHMNTS$jZF.9.a.5023$3(2006)-
=852  41$aBritish Library$bHMNTS$jZA.9.a.4060
=957  \\$a910830p
=985  \\$aRecord merged by DQ team
=CAT  \\$aCONV$b00$c20040425$lBLL90$h0742
=CAT  \\$aCONV$b00$c20040502$lBLL01$h1345
=CAT  \\$a8456$b40$c20070307$lBLL01$h1355
=CAT  \\$aBATCH$b00$c20081124$lBLL01$h1127
=CAT  \\$aBATCH$b00$c20091210$lBLL01$h0010
=CAT  \\$a8124$b40$c20130206$lBLL01$h0905
=CAT  \\$a8124$b40$c20130206$lBLL01$h0906
=CAT  \\$a8124$b40$c20130206$lBLL01$h0908
=CAT  \\$aWR13.117$c20130718$lBLL01$h1857
=CAT  \\$aW1606-1753$c20171028$lBLL01$h1330
=CAT  \\$a11315$b40$c20181212$lBLL01$h1340
=CAT  \\$aBATCH-MBS$c20181221$lBLL01$h2130
=CAT  \\$aBATCH-MBS$c20181228$lBLL01$h2127
=FIN  \\$aY
=LEO  \\$aMP13.0000974346
=SRC  \\$aHSS01$bbibmp13.200404.2.ab
=SRC  \\$aDSS02$bbibh.200404.2.aa
=TCO  \\$aFRA$bCFC$c008
=LAS  \\$aBATCH-MBS$b00$c20181228$lBLL01$h2127

