=LDR  02417 am a2200673 a 4500
=001  008094928
=003  Uk
=005  20130102105419.0
=008  831205s1983\\\\enka\\\\\\\\\\000\0\eng\\
=FMT  \\$a  BK
=015  \\$aGB8400123$2bnb
=019  y\$ab8400123
=019  9\$a0716812983
=019  a\$aG00199622
=019  1\$a0716812983
=020  \\$a0716812983 (pbk) :$c£0.90
=039  0\$a1769
=040  \\$aUk$beng$cUk$dUk
=042  \\$aukblsr
=050  00$aHD5766.L6
=082  04$a331.12509421$223
=245  00$aJobs for a change.
=260  \\$aLondon :$bGLC Economic Policy Group,$c1983.
=300  \\$a72 p. :$bill. ;$c21 cm.
=336  \\$atext$2rdacontent
=337  \\$aunmediated$2rdamedia
=338  \\$avolume$2rdacarrier
=500  \\$aTitle from cover.
=500  \\$a"The wealth of London is the skill and sense of its people. This book is about unlocking that wealth."
=650  \0$aPlant shutdowns$xEconomic aspects$zEngland$zLondon.
=651  \0$aLondon (England)$xEconomic policy.
=653  \\$aLondon$aEmployment
=690  7\$aManagement and Business Studies$2blcoll
=690  7\$aSocial Welfare$2blcoll
=710  2\$aGLC Economic Policy Group.
=886  2\$2ukmarc$a910$b10$aGreater London Council$cEconomic Policy Group$xSee$aGLC Economic Policy Group$z710
=886  2\$2ukmarc$a910$b20$aGreater London Council$cEconomic Policy Group$cPopular Planning Unit$xSee$aGreater London Council.$xPopular Planning Unit$z710
=859  \\$aXLD$bdatasets
=852  41$aBritish Library$bHMNTS$jYD.2013.a.31
=852  41$aBritish Library$bDSC$j88/02115
=852  41$aBritish Library$bHMNTS$jX.529/57503
=CAT  \\$aCONV$b00$c20040425$lBLL90$h0811
=CAT  \\$aCONV$b00$c20040502$lBLL01$h1241
=CAT  \\$aglobal_upd$b40$c20060417$lBLL01$h0533
=CAT  \\$aBATCH$b00$c20090521$lBLL01$h0117
=CAT  \\$aBATCH$b00$c20091121$lBLL01$h2314
=CAT  \\$aBATCH$b00$c20110625$lBLL01$h0353
=CAT  \\$a8250$b40$c20130102$lBLL01$h1051
=CAT  \\$a8250$b40$c20130102$lBLL01$h1054
=CAT  \\$aWR13.117$c20130718$lBLL01$h1857
=CAT  \\$aW1606-1753$c20171028$lBLL01$h1330
=FIN  \\$aY$d20130102
=LEO  \\$aMP5.0001149095
=LEO  \\$aMP8.0000046749
=LEO  \\$aMP13.0001858699
=SRC  \\$aBNB03$bbibmp5.200404.2.ab
=SRC  \\$aDSC01$bbibmp8.200404.2.aa
=SRC  \\$aHSS01$bbibmp13.200404.2.ad
=LAS  \\$aW1606-1753$b00$c20171028$lBLL01$h1330

