=LDR  01467pam a2200469 a 4500
=001  008389483
=003  Uk
=005  20121110140731.0
=008  951116r19961994enk\\\\\d\\\\\000\1\eng\\
=FMT  \\$a  BK
=015  \\$aGB96Z8063$2bnb
=019  y\$ab96Z8063
=019  9\$a0753151073
=020  \\$a0753151073 (ISIS) :$c£17.95
=020  \\$a1863406204 (ALPAV)
=040  \\$aStDuBDS$beng$cStDuBDS$dUk
=042  \\$aukblsr
=082  04$a823.914$223
=100  1\$aStrong, Terence.
=245  14$aThe tick tock man /$cTerence Strong.
=260  \\$aOxford :$bISIS,$c1996.
=300  \\$a664 p. (large print) ;$c24 cm.
=336  \\$atext$2rdacontent
=337  \\$aunmediated$2rdamedia
=338  \\$avolume$2rdacarrier
=500  \\$aStandard print ed. originally published: London : Heinemann, 1994.
=500  \\$aFormerly CIP.$5Uk
=650  \0$aEnglish fiction$y20th century.
=859  \\$aXLD$bdatasets
=852  41$aBritish Library$bHMNTS$jLT.2012.x.4837
=CAT  \\$aCONV$b00$c20040425$lBLL90$h0537
=CAT  \\$aCONV$b00$c20040502$lBLL01$h1252
=CAT  \\$aBATCH$b00$c20091122$lBLL01$h0025
=CAT  \\$a5751$b40$c20121110$lBLL01$h1407
=CAT  \\$aWR13.117$c20130718$lBLL01$h1857
=CAT  \\$aW1606-1753$c20171028$lBLL01$h1330
=FIN  \\$aY$d20121110
=LEO  \\$aMP5.0000244938
=LEO  \\$aMP5.0001701841
=SRC  \\$aBNB03$bbibmp5.200404.2.aa
=SRC  \\$aBNB03$bbibmp5.200404.2.ac
=LAS  \\$aW1606-1753$b00$c20171028$lBLL01$h1330

