=LDR  01794pam a2200541 a 4500
=001  008389839
=003  Uk
=005  20121110120829.0
=008  980325r19981964enk\\\\\d\\\\\000\1\eng\\
=FMT  \\$a  BK
=015  \\$aGB98Y2033$2bnb
=019  y\$ab98Y2033
=019  9\$a0753158701
=020  \\$a0753158701 (Isis : cased) :$c£16.95
=020  \\$a1864422785 (ALPAV : cased)
=020  \\$a0753159163 (Isis : pbk.)
=020  \\$a1864422793 (ALPAV : pbk.)
=040  \\$aStDuBDS$beng$cStDuBDS$dUk
=042  \\$aukblsr
=082  04$a823.914$223
=100  1\$aRendell, Ruth,$d1930-2015.
=245  10$aFrom Doon with death /$cRuth Rendell.
=260  \\$aOxford :$bISIS,$c1998.
=300  \\$a194 p. (large print) ;$c24 cm.
=336  \\$atext$2rdacontent
=337  \\$aunmediated$2rdamedia
=338  \\$avolume$2rdacarrier
=500  \\$aStandard print ed. originally published: London : Long, 1964.
=500  \\$aFormerly CIP.$5Uk
=650  \0$aWexford, Chief Inspector (Fictitious character)$xFiction.
=650  \0$aPolice$zGreat Britain$xFiction.
=655  07$aDetective and mystery stories.$2gsafd
=655  07$aLarge type books.$2lcsh
=859  \\$aXLD$bdatasets
=852  41$aBritish Library$bHMNTS$jLT.2012.x.4841
=CAT  \\$aCONV$b00$c20040425$lBLL90$h0537
=CAT  \\$aCONV$b00$c20040502$lBLL01$h1252
=CAT  \\$aBATCH$b00$c20091122$lBLL01$h0025
=CAT  \\$a5751$b40$c20121110$lBLL01$h1208
=CAT  \\$aWR13.117$c20130718$lBLL01$h1857
=CAT  \\$aBATCH-UPD$b00$c20150506$lBLL01$h2035
=CAT  \\$aW1606-1753$c20171028$lBLL01$h1330
=FIN  \\$aY$d20121110
=LEO  \\$aMP5.0000245294
=LEO  \\$aMP5.0001702173
=SRC  \\$aBNB03$bbibmp5.200404.2.aa
=SRC  \\$aBNB03$bbibmp5.200404.2.ac
=LAS  \\$aW1606-1753$b00$c20171028$lBLL01$h1330

