=LDR  01606pam a2200529 a 4500
=001  008392169
=003  Uk
=005  20130316124355.0
=008  010124s2000\\\\enk\\\\\d\\\\\000\1\eng\\
=FMT  \\$a  BK
=015  \\$aGBA1Z5384$2bnb
=019  y\$abA1Z5384
=019  9\$a0754015289
=020  \\$a0754015289 :$c£16.99
=028  32$aAC6965$bWindsor
=039  0\$a2627
=040  \\$aStDuBDS$beng$cStDuBDS$dUk
=042  \\$aukblcatcopy
=082  04$a823.914$221
=100  1\$aBanville, John.
=245  10$aEclipse /$cJohn Banville.
=250  \\$aLarge print ed.
=260  \\$aBath :$bChivers Press,$c2000.
=300  \\$a298 pages (large print) ;$c23 cm.
=336  \\$atext$2rdacontent
=337  \\$aunmediated$2rdamedia
=338  \\$avolume$2rdacarrier
=500  \\$aOriginally published: London: Picador, 2000.
=500  \\$aPublisher's no. AC6965.
=500  \\$aFormerly CIP.$5Uk
=650  \0$aActors$xFiction.
=655  \7$aLarge type books.$2lcsh
=859  \\$aXLD$bdatasets
=852  41$aBritish Library$bHMNTS$jLT.2013.x.4196
=CAT  \\$aCONV$b00$c20040425$lBLL90$h0537
=CAT  \\$aCONV$b00$c20040502$lBLL01$h1252
=CAT  \\$a12179$b40$c20070501$lBLL01$h1127
=CAT  \\$aBATCH$b00$c20091122$lBLL01$h0026
=CAT  \\$a6632$b40$c20130316$lBLL01$h1243
=CAT  \\$aWR13.117$c20130718$lBLL01$h1857
=CAT  \\$aW1606-1753$c20171028$lBLL01$h1330
=FIN  \\$aY$d20130316
=LEO  \\$aMP5.0000248120
=LEO  \\$aMP5.0001704729
=SRC  \\$aBNB03$bbibmp5.200404.2.aa
=SRC  \\$aBNB03$bbibmp5.200404.2.ac
=LAS  \\$aW1606-1753$b00$c20171028$lBLL01$h1330

