=LDR  06915cas a2201489ua 4500
=001  007233680
=003  Uk
=005  20230210004227.0
=006  aa\\\|||||||||||||
=007  ta
=008  940518c19929999enkqr\p\\\\\\\0\\\a0eng\\
=FMT  \\$a  SE
=015  \\$aGB9430582$2bnb
=019  y\$ab9430582
=019  9\$ab9430582
=019  c\$a2478904
=019  1\$ab9430582
=022  0\$a0966-7334$202
=039  0\$a2286
=040  \\$aUk$cUk$dUk
=042  \\$aukblsr
=082  04$a364.163$220
=210  0\$aFraud watch
=222  \0$aFraud watch
=245  00$aFraud watch.
=260  \\$aWeybridge (P.O. Box 222, Weybridge, Surrey, KT13 8YL) :$bCard World Publications,$c1992-
=264  31$aUppingham :$bC&M Publications
=300  \\$av. :$bill. ;$c30cm.
=310  \\$aQuarterly
=336  \\$atext$2rdacontent
=337  \\$aunmediated$2rdamedia
=338  \\$avolume$2rdacarrier
=362  0\$a1992-
=500  \\$aDescription based on: winter 1993 issue.
=588  \\$aLatest issue consulted: volume 21, issue 3 (2013).
=540  \\$aCurrent Copyright Fee: GBP25.00$c0$5Uk
=653  1\$aFinancial institutions$aFraud
=690  7\$aSocial Welfare$2blcoll
=886  2\$2blmarc$a092$b00$a4033.063100n
=859  \\$aXLD$bdatasets
=852  41$aBritish Library$bHMNTS$jZK.9.b.7015$3Holdings: Winter 1993-v. 26 Issue 1 (2018)
=945  \\$aFRAUD WATCH.
=963  \\$aSEP. 1992- *A=1$bN$cL236.B.364
=979  \\$aBritish Library$bDSC$j4033.063100N$xNot selected
=A02  \\$a2478904
=CAT  \\$aWR09-126
=CAT  \\$aBATCH-CLA$b00$c20120229$lBLL01$h1607
=CAT  \\$aIPL-CLA$c20120330$lBLL01$h1351
=CAT  \\$aBATCH-CLA$b00$c20120531$lBLL01$h1656
=CAT  \\$aIPL-CLA$c20120629$lBLL01$h0947
=CAT  \\$aBATCH-CLA$b00$c20120831$lBLL01$h1537
=CAT  \\$aIPL-CLA$c20120930$lBLL01$h1959
=CAT  \\$aBATCH-CLA$b00$c20121103$lBLL01$h1026
=CAT  \\$aWR13.005$c20130323$lBLL01$h1313
=CAT  \\$a5110$b40$c20130723$lBLL01$h1605
=CAT  \\$aWR13.117$c20130728$lBLL01$h1335
=CAT  \\$aWR13.117$c20130728$lBLL01$h1338
=CAT  \\$aWR14_140$c20140905$lBLL01$h1715
=CAT  \\$aBATCH-CLA$b00$c20150227$lBLL01$h1627
=CAT  \\$aIPL-CLA$c20150331$lBLL01$h1614
=CAT  \\$aBATCH-CLA$b00$c20161130$lBLL01$h1629
=CAT  \\$aIPL-CLA$c20161230$lBLL01$h1805
=CAT  \\$aW1606-1753$c20171028$lBLL01$h1330
=CAT  \\$aBATCH-CLA$b00$c20171130$lBLL01$h1707
=CAT  \\$aIPL-CLA$c20171231$lBLL01$h1341
=CAT  \\$aBATCH-CLA$b00$c20191129$lBLL01$h1622
=CAT  \\$aIPL-CLA$c20191231$lBLL01$h1715
=CAT  \\$aBATCH-CLA$b00$c20201126$lBLL01$h1358
=CAT  \\$aIPL-CLA$c20201231$lBLL01$h1909
=CAT  \\$aBATCH-CLA$b00$c20221130$lBLL01$h1436
=CAT  \\$aIPL-CLA$c20221231$lBLL01$h1826
=CAT  \\$aBATCH-CLA$b00$c20230209$lBLL01$h1523
=CAT  \\$aIPL-CLA$c20230210$lBLL01$h0042
=CFI  0\$aCurrent Copyright Fee: GBP25.00$c0$e09-feb-2023$fGBP25.00$g0$hC$5Uk
=CFI  2\$aBritish Library not licensed to copy$c0$e01-jan-2023$hC$iCFP Excluded$5Uk
=FIN  \\$aY
=LEO  \\$aMP5.0000817571
=LEO  \\$aMP10.0000238928
=LEO  \\$aMP13.0000325627
=LEO  \\$aMP22.0000038244
=SRC  \\$aBNB03$bbibmp5.200404.2.ab
=SRC  \\$aDSS01$bbibmp10.200404.2.aa
=SRC  \\$aHSS01$bbibmp13.200404.2.aa
=SRC  \\$aISN01$bbibmp22.200404.2.aa
=TCO  \\$aCLA$bCLA$c008
=ACF  \\$aPrevious Copyright Fee: GBP12.00$c0$e01-apr-2012$fGBP12.00$g0$hC$5Uk
=ACF  \\$aPrevious Copyright Fee: GBP12.00$c0$e01-jan-2012$fGBP12.00$g0$hC$5Uk
=ACF  \\$aPrevious Copyright Fee: GBP10.50$c0$e01-oct-2011$fGBP10.50$g0$hC$5Uk
=ACF  \\$aPrevious Copyright Fee: GBP10.50$c0$e01-jul-2011$fGBP10.50$g0$hC$5Uk
=ACF  \\$aPrevious Copyright Fee: GBP10.50$c0$e01-apr-2011$fGBP10.50$g0$hC$5Uk
=ACF  \\$aPrevious Copyright Fee: GBP10.50$c0$e01-jan-2011$fGBP10.50$g0$hC$5Uk
=ACF  \\$aPrevious Copyright Fee: GBP40.00$c0$e01-oct-2010$fGBP40.00$g0$hC$5Uk
=ACF  \\$aPrevious Copyright Fee: GBP40.00$c0$e01-jul-2010$fGBP40.00$g0$hC$5Uk
=ACF  \\$aPrevious Copyright Fee: GBP40.00$c0$e01-apr-2010$fGBP40.00$g0$hC$5Uk
=ACF  \\$aPrevious Copyright Fee: GBP40.00$c0$e01-Jan-2010$fGBP40.00$g0$hC$5Uk
=ACF  \\$aPrevious Copyright Fee: GBP40.00$c0$e01-oct-2009$fGBP40.00$g0$hC$5Uk
=ACF  \\$aPrevious Copyright Fee: GBP40.00$c0$e01-jul-2009$fGBP40.00$g0$hC$5Uk
=ACF  \\$aPrevious Copyright Fee: GBP40.00$c0$e01-apr-2009$fGBP40.00$g0$hC$5Uk
=ACF  \\$aPrevious Copyright Fee: GBP40.00$c0$e01-jan-2009$fGBP40.00$g0$hC$5Uk
=ACF  \\$aPrevious Copyright Fee: GBP40.00$c0$e01-oct-2008$fGBP40.00$g0$hC$5Uk
=ACF  \\$aPrevious Copyright Fee: GBP40.00$c0$e01-jul-2008$fGBP40.00$g0$hC$5Uk
=ACF  \\$aPrevious Copyright Fee: GBP40.00$c0$e01-apr-2008$fGBP40.00$g0$hC$5Uk
=ACF  \\$aPrevious Copyright Fee: GBP40.00$c0$e01-jan-2008$fGBP40.00$g0$hC$5Uk
=ACF  \\$aPrevious Copyright Fee: GBP40.00$c0$e01-oct-2007$fGBP40.00$g0$hC$5Uk
=ACF  \\$aPrevious Copyright Fee: GBP40.00$c0$e01-jul-2007$fGBP40.00$g0$hC$5Uk
=ACF  \\$aPrevious Copyright Fee: GBP40.00$c0$e01-apr-2007$fGBP40.00$g0$hC$5Uk
=ACF  \\$aPrevious Copyright Fee: GBP40.00$c0$e01-jan-2007$fGBP40.00$g0$hC$5Uk
=ACF  \\$aPrevious Copyright Fee: GBP40.00$c0$e01-oct-2006$fGBP40.00$g0$hC$5Uk
=ACF  \\$aPrevious Copyright Fee: GBP40.00$c0$e01-jul-2006$fGBP40.00$g0$hC$5Uk
=ACF  \\$aPrevious Copyright Fee: GBP40.00$c0$e01-apr-2006$fGBP40.00$g0$hC$5Uk
=ACF  \\$aPrevious Copyright Fee: GBP40.00$c0$e01-jan-2006$fGBP40.00$g0$hC$5Uk
=ACF  \\$aPrevious Copyright Fee: GBP40.00$c0$e01-oct-2005$fGBP40.00$g0$hC$5Uk
=ACF  \\$aPrevious Copyright Fee: GBP40.00$c0$e01-jul-2005$fGBP40.00$g0$hC$5Uk
=ACF  \\$aPrevious Copyright Fee: GBP40.00$c0$e01-apr-2005$fGBP40.00$g0$hC$5Uk
=ACF  \\$aPrevious Copyright Fee: GBP40.00$c0$e01-jan-2005$fGBP40.00$g0$hC$5Uk
=ACF  \\$aPrevious Copyright Fee: GBP40.00$c0$e01-oct-2004$fGBP40.00$g0$hC$5Uk
=ACF  \\$aPrevious copyright fee: GBP40.00$c0$e01-jan-2003$fGBP40.00$g0$hC$5Uk
=ACF  \\$aCurrent copyright fee: GBP5.00$c0$e01-jul-2002$fGBP5.00$g0$hA$5Uk
=ACF  \\$aCurrent copyright fee: GBP4.40$c0$e01-jul-1998$fGBP4.40$g0$hA$5Uk
=ACF  \\$aPrevious Copyright Fee: GBP12.00$c0$e01-jul-2012$fGBP12.00$g0$hC$5Uk
=ACF  \\$aPrevious Copyright Fee: GBP12.00$c0$e01-oct-2012$fGBP12.00$g0$hC$5Uk
=ACF  \\$aPrevious Copyright Fee: GBP12.30$c0$e01-apr-2015$fGBP12.30$g0$hC$5Uk
=ACF  \\$aPrevious Copyright Fee: GBP15.00$c0$e01-jan-2017$fGBP15.00$g0$hC$5Uk
=ACF  \\$aPrevious Copyright Fee: GBP17.50$c0$e01-jan-2018$fGBP17.50$g0$hC$5Uk
=ACF  \\$aPrevious Copyright Fee: GBP20.00$c0$e01-jan-2020$fGBP20.00$g0$hC$5Uk
=ACF  \\$aPrevious Copyright Fee: GBP22.50$c0$e01-jan-2021$fGBP22.50$g0$hC$5Uk
=LAS  \\$aIPL-CLA$b00$c20230210$lBLL01$h0042

