=LDR  01572pam a2200505 a 4500
=001  007732056
=003  Uk
=005  20121110133906.0
=008  960109r19961995enk\\\\\d\\\\\000\0\eng\\
=FMT  \\$a  BK
=010  \\$a95047822
=015  \\$aGB96Z2916$2bnb
=019  y\$ab96Z2916
=019  9\$a1856951995
=020  \\$a186340631X (APLAV)
=020  \\$a1856951995 (Isis)
=020  \\$z1568952910
=040  \\$aStDuBDS$beng$cStDuBDS$dUk
=042  \\$aukblsr
=082  04$a581$223
=100  1\$aAttenborough, David,$d1926-
=245  14$aThe private life of plants :$ba natural history of plant behaviour /$cDavid Attenborough.
=260  \\$aOxford :$bCompass Press,$c1996.
=300  \\$a230 p. (large print) ;$c24 cm.
=336  \\$atext$2rdacontent
=337  \\$aunmediated$2rdamedia
=338  \\$avolume$2rdacarrier
=500  \\$aStandard print ed. originally published: London : BBC, 1995.
=500  \\$aFormerly CIP.$5Uk
=650  \0$aPlants.
=650  \0$aBotany.
=859  \\$aXLD$bdatasets
=852  41$aBritish Library$bHMNTS$jLT.2012.x.4846
=CAT  \\$aCONV$b00$c20040425$lBLL90$h0541
=CAT  \\$aCONV$b00$c20040502$lBLL01$h1230
=CAT  \\$aBATCH$b00$c20091119$lBLL01$h0138
=CAT  \\$a5751$b40$c20121110$lBLL01$h1339
=CAT  \\$aWR13.117$c20130718$lBLL01$h1857
=CAT  \\$aW1606-1753$c20171028$lBLL01$h1330
=FIN  \\$aY$d20121110
=LEO  \\$aMP5.0000411210
=LEO  \\$aMP5.0001832048
=SRC  \\$aBNB03$bbibmp5.200404.2.aa
=SRC  \\$aBNB03$bbibmp5.200404.2.ad
=LAS  \\$aW1606-1753$b00$c20171028$lBLL01$h1330

