=LDR  03744cas a2200913ui 4500
=001  007989472
=003  Uk
=005  20221231184124.0
=007  ta
=008  800218c19789999gw\\x\m\\\\\\\0\\\b0ger\\
=FMT  \\$a  SE
=019  c\$a2315347
=019  1\$ar6105734
=040  \\$aUk$cUk
=082  \\$a833.8$222$qUK-WkNB
=245  00$aMarie von Ebner-Eschenbach :$bkritische Texte und Deutungen.
=260  \\$aBonn :$bBouvier,$c1978-
=300  \\$av. ;$c23cm.
=336  \\$atext$2rdacontent
=337  \\$aunmediated$2rdamedia
=338  \\$avolume$2rdacarrier
=362  0\$aBd. 1-
=540  \\$aCurrent Copyright Fee: GBP25.00$c0$5Uk
=700  1\$aEbner-Eschenbach, Marie von,$d1830-1916.
=859  \\$aXLD$bdatasets
=852  41$aBritish Library$bHMNTS$jX.0900/618$3Bd. 1 (1999)-Bd. 7 (2010)
=852  41$aBritish Library$bDSC$j5373.562200$3BD. 1, 1978 *A=1
=945  \\$aMarie von Ebner EschenbachH kritische Texte und Deutungen.
=957  \\$a7911P 382
=957  \\$a9910p
=959  \\$fHeld but not currently received
=985  \\$aCorrected by MS generated file for WR# 12.018
=A02  \\$a2315347
=CAT  \\$aCONV$b00$c20040425$lBLL90$h0741
=CAT  \\$aBATCH$b00$c20100401$lBLL01$h1356
=CAT  \\$aBATCH-UPD$b00$c20101124$lBLL01$h1743
=CAT  \\$aBATCH-UPD$b00$c20101125$lBLL01$h1006
=CAT  \\$aIPL-CLA$c20101231$lBLL01$h1217
=CAT  \\$aWR11_203$c20111204$lBLL01$h1308
=CAT  \\$aIPL-CLA$c20111230$lBLL01$h1720
=CAT  \\$aBLSS-CORR$b00$c20120724$lBLL01$h1755
=CAT  \\$aBATCH-CLA$b00$c20121104$lBLL01$h1038
=CAT  \\$aWR13.005$c20130322$lBLL01$h1931
=CAT  \\$aBATCH-CLA$c20131217$lBLL01$h0129
=CAT  \\$aIPL-CLA$c20131231$lBLL01$h1912
=CAT  \\$a6537$b40$c20140305$lBLL01$h1001
=CAT  \\$aBATCH-CORR$c20160706$lBLL01$h1110
=CAT  \\$aBATCH-CLA$b00$c20161222$lBLL01$h1702
=CAT  \\$aIPL-CLA$c20161230$lBLL01$h1825
=CAT  \\$aW1606-1753$c20171028$lBLL01$h1330
=CAT  \\$aBATCH-CLA$b00$c20171222$lBLL01$h1958
=CAT  \\$aIPL-CLA$c20171231$lBLL01$h1400
=CAT  \\$aBATCH-CLA$b00$c20191219$lBLL01$h1627
=CAT  \\$aIPL-CLA$c20191231$lBLL01$h1729
=CAT  \\$aR2001-1524$c20200127$lBLL01$h1926
=CAT  \\$aBATCH-CLA$b00$c20201204$lBLL01$h1423
=CAT  \\$aIPL-CLA$c20201231$lBLL01$h1926
=CAT  \\$aBATCH-CLA$b00$c20221221$lBLL01$h1727
=CAT  \\$aIPL-CLA$c20221231$lBLL01$h1841
=CFI  0\$aCurrent Copyright Fee: GBP25.00$c0$e01-jan-2023$fGBP25.00$g0$hA$5Uk
=CFI  2\$aPrevious Copyright Fee: GBP22.50$c0$e01-jan-2021$fGBP22.50$g0$hA$5Uk
=FIN  \\$aY
=LEO  \\$aMP10.0000358572
=LEO  \\$aMP13.0000918102
=SRC  \\$aDSS01$bbibmp10.200404.2.aa
=SRC  \\$aHSS01$bbibmp13.200404.2.ab
=TCO  \\$aDEU$bVG WORT$c008
=ACF  \\$aPrevious copyright fee: GBP9.00$c0$e01-apr-2010$fGBP9.00$g0$hA$5Uk
=ACF  \\$aPrevious copyright fee: GBP6.00$c0$e01-apr-2008$fGBP6.00$g0$hA$5Uk
=ACF  \\$aPrevious copyright fee: GBP5.00$c0$e01-jul-2002$fGBP5.00$g0$hA$5Uk
=ACF  \\$aCurrent copyright fee: GBP4.40$c0$e01-jul-1998$fGBP4.40$g0$hA$5Uk
=ACF  \\$aCurrent copyright fee: GBP4.20$c0$e01-apr-1997$fGBP4.20$g0$hA$5Uk
=ACF  \\$aPrevious copyright fee: GBP10.50$c0$e01-jan-2011$fGBP10.50$g0$hA$5Uk
=ACF  \\$aPrevious copyright fee: GBP12.00$c0$e01-jan-2012$fGBP12.00$g0$hA$5Uk
=ACF  \\$aPrevious Copyright Fee: GBP12.30$c0$e01-jan-2014$fGBP12.30$g0$hA$5Uk
=ACF  \\$aPrevious Copyright Fee: GBP15.00$c0$e01-jan-2017$fGBP15.00$g0$hA$5Uk
=ACF  \\$aPrevious Copyright Fee: GBP17.50$c0$e01-jan-2018$fGBP17.50$g0$hA$5Uk
=ACF  \\$aPrevious Copyright Fee: GBP20.00$c0$e01-jan-2020$fGBP20.00$g0$hA$5Uk
=LAS  \\$aIPL-CLA$b00$c20221231$lBLL01$h1841

