=LDR  03313cas a2200817ua 4500
=001  007998854
=003  Uk
=005  20221231184130.0
=007  ta
=008  800529c19789999wb\\x\m\\\\\\\0\\\a0eng\\
=FMT  \\$a  SE
=019  1\$ar6143706
=019  c\$a2290478
=022  0\$a0343-8694
=040  \\$aUk$cUk$dUk
=041  0\$aeng$ager
=222  \0$aArbeitspapiere zur Linguistik
=245  00$aArbeitspapiere zur Linguistik =$bWorking papers in linguistics /$cInstitut für Kommunikationswissenschaften der Technischen Universität Berlin.
=246  31$aWorking papers in linguistics
=260  \\$aBerlin :$bDas Institut,$c1978-
=300  \\$av. ;$c21 cm.
=336  \\$atext$2rdacontent
=337  \\$aunmediated$2rdamedia
=338  \\$avolume$2rdacarrier
=362  0\$a1-
=500  \\$aPapers in English or German.
=595  \\$aSEE ALSO CARD INDEX.
=540  \\$aCurrent Copyright Fee: GBP25.00$c0$5Uk
=710  2\$aTechnische Universität Berlin.$bInstitut für Kommunikationswissenschaften.
=859  \\$aXLD$bdatasets
=852  41$aBritish Library$bDSC$j9350.626000$34, 1979 *A=1; 6, 1979- 7, 1980 *A=1
=852  41$aBritish Library$bHMNTS$jP:903/387$31_
=945  \\$aWorking papers in linguistics- Institut fur Linguistik der Technischen Universitat Berlin.
=957  \\$a800115P 396
=959  \\$fHeld but not currently received
=985  \\$aCorrected by BSS-generated file for WR# 10/166
=985  \\$aUpgraded by BSS-generated file for WR2011-1473
=CAT  \\$aCONV$b00$c20040425$lBLL90$h0741
=CAT  \\$aCONV$b00$c20040502$lBLL01$h1237
=CAT  \\$aglobal_upd$b40$c20060417$lBLL01$h1622
=CAT  \\$aBATCH$b00$c20091208$lBLL01$h0325
=CAT  \\$a6537$b40$c20140305$lBLL01$h1021
=CAT  \\$aBATCH-CORR$c20160706$lBLL01$h1110
=CAT  \\$aBATCH-CLA$b00$c20161222$lBLL01$h1702
=CAT  \\$aIPL-CLA$c20161230$lBLL01$h1825
=CAT  \\$aW1606-1753$c20171028$lBLL01$h1330
=CAT  \\$aBATCH-CLA$b00$c20171222$lBLL01$h1958
=CAT  \\$aIPL-CLA$c20171231$lBLL01$h1400
=CAT  \\$a8874$b40$c20180719$lBLL01$h1345
=CAT  \\$aBATCH-CLA$b00$c20191219$lBLL01$h1627
=CAT  \\$aIPL-CLA$c20191231$lBLL01$h1729
=CAT  \\$aR2001-1524$c20200127$lBLL01$h1926
=CAT  \\$aW2011-1473$b00$c20201124$lBLL01$h1824
=CAT  \\$aBATCH-CLA$b00$c20201204$lBLL01$h1423
=CAT  \\$aIPL-CLA$c20201231$lBLL01$h1926
=CAT  \\$aBATCH-CLA$b00$c20221221$lBLL01$h1727
=CAT  \\$aIPL-CLA$c20221231$lBLL01$h1841
=CFI  0\$aCurrent Copyright Fee: GBP25.00$c0$e01-jan-2023$fGBP25.00$g0$hA$5Uk
=CFI  2\$aPrevious Copyright Fee: GBP22.50$c0$e01-jan-2021$fGBP22.50$g0$hA$5Uk
=FIN  \\$aY
=LEO  \\$aMP10.0000616440
=LEO  \\$aMP13.0000927855
=SRC  \\$aDSS01$bbibmp10.200404.2.aa
=SRC  \\$aHSS01$bbibmp13.200404.2.ab
=TCO  \\$aXXX$c008
=ACF  \\$aPrevious copyright fee: GBP12.00$c0$e01-jan-2012$fGBP12.00$g0$hA$5Uk
=ACF  \\$aPrevious Copyright Fee: GBP12.30$c0$e01-jan-2014$fGBP12.30$g0$hA$5Uk
=ACF  \\$aPrevious Copyright Fee: GBP15.00$c0$e01-jan-2017$fGBP15.00$g0$hA$5Uk
=ACF  \\$aPrevious Copyright Fee: GBP17.50$c0$e01-jan-2018$fGBP17.50$g0$hA$5Uk
=ACF  \\$aPrevious Copyright Fee: GBP20.00$c0$e01-jan-2020$fGBP20.00$g0$hA$5Uk
=LAS  \\$aIPL-CLA$b00$c20221231$lBLL01$h1841

