=LDR  02615 aa a22006973u 4500
=001  006037651
=003  Uk
=005  20210331181638.0
=008  840710s1981\\\\enka\\\||b\\\\000\0|eng\\
=FMT  \\$a  BK
=019  8\$angb198102524
=019  a\$aG01368129
=040  \\$aUk$cUk$dUk
=072  \7$a05C$2sigle
=082  04$a620.82$222
=100  1\$aWren-Lewis, Simon.
=245  14$aThe role of money in determining prices :$ba reduced form approach /$cSimon Wren-Lewis.
=260  \\$aLondon :$bHM Treasury,$c1981.
=300  \\$a104, [4] p. :$bill. ;$c30 cm.
=336  \\$atext$2rdacontent
=337  \\$aunmediated$2rdamedia
=338  \\$avolume$2rdacarrier
=490  0\$aGovernment Economic Service Working Paper ;$vno. 42
=504  \\$aIncludes bibliographical references.
=540  \\$aCurrent Copyright Fee: GBP0.00$c0$5Uk
=650  \0$aHuman engineering.
=653  \\$aErgonomics
=710  1\$aGreat Britain.$bTreasury.
=859  \\$aXLD$bdatasets
=852  41$aBritish Library$bDSC$j4204.040000$i42
=CAT  \\$aCONV$b00$c20040502$lBLL01$h1126
=CAT  \\$aglobal_upd$b40$c20060416$lBLL01$h2248
=CAT  \\$asigle_ddc$b40$c20070409$lBLL01$h1819
=CAT  \\$a5194$b40$c20070608$lBLL01$h1338
=CAT  \\$aBATCH$b00$c20091206$lBLL01$h0350
=CAT  \\$a6491$b40$c20111025$lBLL01$h0844
=CAT  \\$a9668$b40$c20121126$lBLL01$h1512
=CAT  \\$aWR13.117$c20130718$lBLL01$h1857
=CAT  \\$aBATCH-CLA$b00$c20130719$lBLL01$h0049
=CAT  \\$aBATCH-CLA$b00$c20131202$lBLL01$h0227
=CAT  \\$aIPL-CLA$c20131231$lBLL01$h1701
=CAT  \\$aBATCH-CLA$b00$c20161221$lBLL01$h2009
=CAT  \\$aIPL-CLA$c20161230$lBLL01$h1613
=CAT  \\$aW1606-1753$c20171028$lBLL01$h1330
=CAT  \\$aBATCH-CLA$b00$c20171029$lBLL01$h0424
=CAT  \\$aBATCH-CLA$b00$c20171221$lBLL01$h1255
=CAT  \\$aIPL-CLA$c20171231$lBLL01$h1156
=CAT  \\$aBATCH-CLA$b00$c20200218$lBLL01$h0420
=CAT  \\$aBATCH-CLA$b00$c20201203$lBLL01$h1354
=CAT  \\$aIPL-CLA$c20201231$lBLL01$h1738
=CAT  \\$aBATCH-CLA$b00$c20210328$lBLL01$h1308
=CAT  \\$aIPL-CLA$c20210331$lBLL01$h1816
=CFI  0\$aCurrent Copyright Fee: GBP0.00$c0$e01-apr-2021$fGBP0.00$g0$hC$5Uk
=CFI  2\$aPrevious Copyright Fee: GBP22.50$c0$e01-jan-2021$fGBP22.50$g0$hC$5Uk
=FIN  \\$aY
=LEO  \\$aMP8.0000659220
=SRC  \\$aDSC01$bbibmp8.200404.2.aa
=TCO  \\$aCLA$bCLA$c008
=ACF  \\$aPrevious Copyright Fee: GBP12.00$c0$e01-oct-2012$fGBP12.00$g0$hC$5Uk
=ACF  \\$aPrevious Copyright Fee: GBP20.00$c0$e01-jan-2020$fGBP20.00$g0$hC$5Uk
=LAS  \\$aIPL-CLA$b00$c20210331$lBLL01$h1816

