=LDR  03204caa a22008293u 4500
=001  006509756
=003  Uk
=005  20221231175247.0
=008  040421|1999\\\\|||\\\\||\\\\\000\||eng\\
=FMT  \\$a  BK
=019  8\$angb199929797
=019  a\$aG05924260
=040  \\$aUk$cUk
=072  \7$a05E$2sigle
=072  \7$a05D$2sigle
=082  04$a900$222
=082  04$a330$222
=100  10$aBarrett, Sean D.
=245  00$aJohn Kells Ingram (1823-1907).
=260  \\$bTrinity College.Dublin, Ireland, Department of Economics,$c1999.
=336  \\$atext$2rdacontent
=337  \\$aunmediated$2rdamedia
=338  \\$avolume$2rdacarrier
=490  0\$aTrinity economic papers ;$vno 9/1999
=540  \\$aCurrent Copyright Fee: GBP25.00$c0$5Uk
=653  \\$aHistory
=653  \\$aEconomics & economic theory
=690  7\$aManagement and Business Studies$2blcoll
=650  \0$aEconomics
=650  \0$aHistory
=710  2\$aTrinity College (Dublin, Ireland).$bDepartment of Economics.
=859  \\$aXLD$bdatasets
=883  0\$aLanguage codes assigned by Bayesian analysis of words present in record$d20200826$qUk$c0.9919
=852  41$aBritish Library$bDSC$j9050.662256$i9
=945  \\$aTrinity economic paper ; no 9/1999
=985  \\$aRecord amended for WR# 13/070
=985  \\$aUpgraded by BSS-generated file for WR2009-0365
=CAT  \\$aCONV$b00$c20040502$lBLL01$h1142
=CAT  \\$aBATCH$b00$c20091207$lBLL01$h0125
=CAT  \\$aBATCH-UPD$b00$c20121102$lBLL01$h2133
=CAT  \\$a11306$b40$c20121119$lBLL01$h0904
=CAT  \\$aWR13_070$b00$c20130504$lBLL01$h0139
=CAT  \\$aWR13.117$c20130718$lBLL01$h1857
=CAT  \\$aBATCH-CLA$b00$c20130719$lBLL01$h0050
=CAT  \\$aBATCH-CLA$c20131213$lBLL01$h1943
=CAT  \\$aIPL-CLA$c20131231$lBLL01$h1802
=CAT  \\$aBATCH-CLA$b00$c20161222$lBLL01$h1641
=CAT  \\$aBATCH-UPD$b00$c20161223$lBLL01$h0709
=CAT  \\$aIPL-CLA$c20161230$lBLL01$h1723
=CAT  \\$aW1606-1753$c20171028$lBLL01$h1330
=CAT  \\$aBATCH-CLA$b00$c20171029$lBLL01$h0424
=CAT  \\$aBATCH-CLA$b00$c20171222$lBLL01$h1933
=CAT  \\$aIPL-CLA$c20171231$lBLL01$h1302
=CAT  \\$aBATCH-CLA$b00$c20191219$lBLL01$h1606
=CAT  \\$aIPL-CLA$c20191231$lBLL01$h1645
=CAT  \\$aR2001-1524$c20200127$lBLL01$h1916
=CAT  \\$aBATCH-CLA$b00$c20200128$lBLL01$h0441
=CAT  \\$aW2009-0365$b00$c20201017$lBLL01$h0839
=CAT  \\$aBATCH-CLA$b00$c20201018$lBLL01$h0329
=CAT  \\$aBATCH-CLA$b00$c20201204$lBLL01$h1357
=CAT  \\$aIPL-CLA$c20201231$lBLL01$h1835
=CAT  \\$aBATCH-CLA$b00$c20221221$lBLL01$h1659
=CAT  \\$aIPL-CLA$c20221231$lBLL01$h1752
=CFI  0\$aCurrent Copyright Fee: GBP25.00$c0$e01-jan-2023$fGBP25.00$g0$hA$5Uk
=CFI  2\$aPrevious Copyright Fee: GBP22.50$c0$e01-jan-2021$fGBP22.50$g0$hA$5Uk
=FIN  \\$aY
=LEO  \\$aMP8.0001594152
=SRC  \\$aDSC01$bbibmp8.200404.2.ac
=ACF  \\$aPrevious copyright fee: GBP12.00$c0$e01-jan-2012$fGBP12.00$g0$hA$5Uk
=ACF  \\$aPrevious Copyright Fee: GBP15.00$c0$e01-jan-2017$fGBP15.00$g0$hA$5Uk
=ACF  \\$aPrevious Copyright Fee: GBP20.00$c0$e01-jan-2020$fGBP20.00$g0$hA$5Uk
=LAS  \\$aIPL-CLA$b00$c20221231$lBLL01$h1752

