=LDR  03290 am a22007093  4500
=001  004001083
=003  Uk
=005  20130207115247.0
=008  901024s1770\\\\fr\\\\\\\\\\\\000\e\fre\\
=FMT  \\$a  BK
=019  x\$a3580630075
=040  \\$aUk$cUk
=041  1\$afre$aita$heng
=100  1\$aYoung, Edward,$d1683-1765.
=240  10$aNight thoughts.$lFrench and Italian.
=245  14$aLes Nuits d'Young,$ctraduites de l'anglois, par M. Le Tourneur.$nTome premier
=250  \\$aSoconde [sic] édition,$bcorrigée & augmentée du Triomphe de la religion
=264  \1$aA Marseille :$bchez Jean Mossy, imprimeur de la Marine & libraire, au Parc,$cMDCCLXX [1770]
=300  \\$alxxxix, [1], 301, [5] pages, [1] leaf of plates :$billustrations ;$c17 cm. (12º)
=336  \\$atext$2rdacontent
=337  \\$aunmediated$2rdamedia
=338  \\$avolume$2rdacarrier
=340  \\$m12mo$2rdabf
=500  \\$aParallel French and Italian translation of Young's Night Thoughts on facing pages.
=505  0\$aIncludes a title-page in Italian: Le notti di Young, tradotte dal francese, dal signor Abate Alberti. Terza [sic] edizione, correta ed accresciuta del Trionfo della religione. Tomo primo
=505  0\$aIncludes engraved frontispice entitled: Young offrant son livre à l'éternel.
=500  \\$aBeneath the title on each title-page: Sunt lacrymæ rerum, & mentem mortalia tangunt. Virgile.
=500  \\$aBelow the imprint: Avec approbation & privilège du Roi
=500  \\$aTitle on half title-page: Le Lamentazioni, o sia Le Notti di Young. Les Complaintes ou Les Nuits de Young.
=700  1\$aYoung, Edward,$d1683-1765.$tNotti di Young.
=700  1\$aAlberti di Villanuova, Francesco d',$d1737-1801.
=700  1\$aLe Tourneur, P.$q(Pierre),$d1736-1788.
=886  2\$2blmarc$a709$b00$aALBERTI DI VILLANUOVA$hFrancesco$fCount$p11630.bb.1.$x0043120288
=886  2\$2blmarc$a709$b00$aLE TOURNEUR$hPierre Prime Félicien$p11630.bb.1.$x1903090156
=859  \\$aXLD$bdatasets
=852  41$aBritish Library$bHMNTS$j11630.bb.1(1)
=985  \\$aCorrected by BSS-generated file for WR# 11/211
=985  \\$aCorrected by MS generated file for WR# 1805-0738
=CAT  \\$aCONV$b00$c20040502$lBLL01$h1019
=CAT  \\$aglobal_upd$b40$c20060416$lBLL01$h1208
=CAT  \\$a12179$b40$c20080408$lBLL01$h1439
=CAT  \\$aBATCH$b00$c20091203$lBLL01$h2334
=CAT  \\$aBLSS-CORR$b00$c20111222$lBLL01$h1614
=CAT  \\$a4278$b40$c20130204$lBLL01$h1653
=CAT  \\$a4278$b40$c20130204$lBLL01$h1715
=CAT  \\$a4278$b40$c20130204$lBLL01$h1716
=CAT  \\$a4278$b40$c20130204$lBLL01$h1733
=CAT  \\$a4278$b40$c20130204$lBLL01$h1747
=CAT  \\$a4278$b40$c20130204$lBLL01$h1748
=CAT  \\$a4278$b40$c20130207$lBLL01$h1124
=CAT  \\$a4278$b40$c20130207$lBLL01$h1134
=CAT  \\$a4278$b40$c20130207$lBLL01$h1139
=CAT  \\$a4278$b40$c20130207$lBLL01$h1152
=CAT  \\$aWR13.117$c20130718$lBLL01$h1857
=CAT  \\$aBATCH-UPD$b00$c20150604$lBLL01$h2057
=CAT  \\$aW1606-1753$c20171028$lBLL01$h1330
=CAT  \\$a1805-0738$c20181130$lBLL01$h1823
=CAT  \\$a1805-0738$b00$c20181130$lBLL01$h1901
=FIN  \\$aY
=LEO  \\$aMP1.0004282285
=SRC  \\$aBLS01$bbibmp1.200404.2.ae
=LAS  \\$a1805-0738$b00$c20181130$lBLL01$h1901

