=LDR  01591 am a22004453  4500
=001  002111464
=003  Uk
=005  20130115144552.0
=008  890201|1800||||enk\\\\||\\\\\|||\||eng\\
=FMT  \\$a  BK
=019  x\$a1873020090
=040  \\$aUk$cUk
=100  1\$aLee, Sophia,$d1750-1824.
=245  14$aThe Recess; or a tale of past times.
=264  \1$aPortsea :$bJ. Williams,$c[1800?]
=300  \\$a33 pages ;$c(12º)
=336  \\$atext$2rdacontent
=337  \\$aunmediated$2rdamedia
=338  \\$avolume$2rdacarrier
=340  \\$m12mo$2rdabf
=775  0\$t[The Recess; or a tale of past times.]$w(Uk)MP1.0002240084.1$d3 vol. London, 1804. 12º.
=859  \\$aXLD$bdatasets
=852  41$aBritish Library$bHMNTS$j9424.bbb.2.(3.)
=985  \\$aDisaggregated record: Type B
=985  \\$aCorrected by MS generated file for WR# 1805-0738
=CAT  \\$aCONV$b00$c20040502$lBLL01$h0936
=CAT  \\$aBLC-CORR$b00$c20080610$lBLL01$h0909
=CAT  \\$aBATCH$b00$c20091129$lBLL01$h0223
=CAT  \\$aBATCH$b00$c20101223$lBLL01$h1748
=CAT  \\$a12975$b40$c20130115$lBLL01$h1445
=CAT  \\$aWR13.117$c20130718$lBLL01$h1857
=CAT  \\$aW1606-1753$c20171028$lBLL01$h1330
=CAT  \\$a1805-0738$c20181019$lBLL01$h1824
=CAT  \\$a1805-0738$b00$c20181019$lBLL01$h1902
=CAT  \\$aW1812-0728$c20190202$lBLL01$h1645
=FIN  \\$aY
=LEO  \\$aMP1.0002240084
=LKR  \\$aPAR$b002111465$r775$mThe Recess; or a tale of past times.$n[The Recess; or a tale of past times.]$lBLL01
=SRC  \\$aBLS01$bbibmp1.200404.2.ac
=LAS  \\$aW1812-0728$b00$c20190202$lBLL01$h1645

