=LDR  03476 am a22006013  4500
=001  002546932
=003  Uk
=005  20121107142446.0
=008  950504s1759\\\\fr\\\\\\\d\\\\000\0\fre\\
=FMT  \\$a  BK
=019  x\$a2263680241
=040  \\$aUk$cUk
=100  10$aMoréri, Louis,$d1643-1680.
=245  13$aLe Grand dictionnaire historique, ou Le mêlange curieux de l'histoire sacrée et profane, qui contient en abrégé l'histoire fabuleuse des dieux & des héros de l'Antiquité païenne: les vies et les actions remarquables des patriarches; des empereurs; des rois; des princes illustres; des grands capitaines; des papes; des saints martyrs & confesseurs; des pères de l'Église...: l'histoire des religions & sectes des chrétiens, des juifs & des païens: des Conciles...: l'établissement et le progrès des ordres religieux & militaires...: les généalogies des familles illustres...: le description des empires..., fleuves & autres lieux considérables de l'ancienne & de la nouvelle géographie... les moeurs & les coutumes des peuples:$cpar Mre. Louis Moréri, prêtre, docteur en théologie
=250  \\$aNouvelle édition, dans laquelle on a refondu les supplémens de M. l'Abbé Goujet.$bLe tout revu, corrigé & augmenté par M. Drouet
=264  \1$aA Paris :$bchez les libraires associés,$c1759.
=300  \\$a10 tom :$billustrations, portrait ;$c40 cm. (2º)
=336  \\$atext$2rdacontent
=337  \\$aunmediated$2rdamedia
=338  \\$avolume$2rdacarrier
=340  \\$m2º
=500  \\$aVol. 1 includes an added engraved title-page and an engraved portrait of the author bound in after the title-page
=500  \\$aTitle on the half title-page of each volume: Le Grand Dictionnaire historique du Moréri. Nouvelle et dernière édtion
=500  \\$aText printed in double columns
=505  0\$aContents: v.1: A-AZZ; v.2: B-BZO; v.3: C-COM; v.4: CON-EZZ; v.5: F-HHA; v.6: HIA-LYS; v.7: M-NYS; v.8: O-QUO; v.9: R-SZU; v.10: T-ZYP
=505  0\$aAt the end of each volume: Additions et corrections survenues pendant le cours de l'impression
=500  \\$aThe Libraires associés are listed by name on the verso of each half title-page
=700  1\$aDROUET, Étienne François.
=700  1\$aGoujet, Claude-Pierre,$d1697-1767.
=886  2\$2blmarc$a709$b00$aGOUJET$hClaude Pierre$pCup.652.l.1.$x1293710326
=859  \\$aXLD$bdatasets
=852  41$aBritish Library$bHMNTS$jCup.652.l.1
=852  41$aBritish Library$bHMNTS$j119.h.1-10$3Another copy
=985  \\$aCorrected by BSS-generated file for WR# 11/124
=985  \\$aDisaggregated record: Type B
=985  \\$aCorrected by MS generated file for WR# 1805-0738
=CAT  \\$aCONV$b00$c20040502$lBLL01$h0945
=CAT  \\$aglobal_upd$b40$c20060416$lBLL01$h1435
=CAT  \\$aBATCH$b00$c20091129$lBLL01$h2341
=CAT  \\$aBLSS-CORR$b00$c20110825$lBLL01$h1531
=CAT  \\$a4278$b40$c20121107$lBLL01$h1304
=CAT  \\$a4278$b40$c20121107$lBLL01$h1420
=CAT  \\$a4278$b40$c20121107$lBLL01$h1421
=CAT  \\$a4278$b40$c20121107$lBLL01$h1424
=CAT  \\$aWR13.117$c20130718$lBLL01$h1857
=CAT  \\$aW1606-1753$c20171028$lBLL01$h1330
=CAT  \\$aBATCH-UPD$b00$c20171028$lBLL01$h1330
=CAT  \\$a1805-0738$c20181102$lBLL01$h1759
=CAT  \\$a1805-0738$b00$c20181102$lBLL01$h1842
=FIN  \\$aY
=LEO  \\$aMP1.0002703585.1
=SRC  \\$aBLS01$bbibmp1.200404.2.ac
=LAS  \\$a1805-0738$b00$c20181102$lBLL01$h1842

