=LDR  02861 am a22006613  4500
=001  001167531
=003  Uk
=005  20130325122720.0
=008  880720s1557\\\\sz\\\\\\\d\\\\000\0\lat\\
=FMT  \\$a  BK
=019  x\$a1030570116
=040  \\$aUk$cUk
=041  1\$alat$agrc
=100  1\$aEstienne, Henri,$d1531-1598.
=245  10$aCiceronianum Lexicon græcolatinum.$bId est, Lexicon ex variis græcorum scriptorum locis à Cicerone interpretatis collectum$cab Henrico Stephano. Loci græcorum authorum cum Ciceronis interpretationibus
=264  \1$a[Geneva] :$bEx officina Henrici Stephani parisiensis typographi,$can MDLVII [1557]
=300  \\$a[16], 111, [1], 200 pages ;$c17 cm. (8º)
=336  \\$atext$2rdacontent
=337  \\$aunmediated$2rdamedia
=338  \\$avolume$2rdacarrier
=340  \\$m8vo$2rdabf
=500  \\$aText in Greek and Latin
=500  \\$aSome text printed in double columns
=562  \\$3Copy at shelfmark 835.d.7(1)$aincludes some MS. notes and autograph of Isaac Casaubon at foot of title-page
=562  \\$3Copy at shelfmark G.17225(1) misbound:$aincludes copy of In M. T. Ciceronis quamplurimos locos castigationes.. by Estienne between the two sequences of pagination of the Ciceronianum lexicon græcolatinum...
=600  10$aCicero, Marcus Tullius.
=700  1\$aCasaubon, Isaac,$d1559-1614.
=859  \\$aXLD$bdatasets
=852  41$aBritish Library$bHMNTS$j835.d.7(1)
=852  41$aBritish Library$bHMNTS$j835.d.31(1)$3Another copy
=852  41$aBritish Library$bHMNTS$jG.17225(1)$3Another copy
=852  41$aBritish Library$bHMNTS$j236.g.10$3Another copy
=852  41$aBritish Library$bHMNTS$j687.c.13(1)$3Another copy
=985  \\$aCorrected by MS generated file for WR# 1805-0738
=CAT  \\$aCONV$b00$c20040502$lBLL01$h0915
=CAT  \\$aBATCH-UPD$b00$c20070302$lBLL01$h2349
=CAT  \\$aBATCH$b00$c20091128$lBLL01$h1906
=CAT  \\$a4039$b40$c20101117$lBLL01$h1225
=CAT  \\$aWR11_211$c20130228$lBLL01$h1736
=CAT  \\$aBLSS-CORR$b00$c20130228$lBLL01$h1810
=CAT  \\$a4278$b40$c20130318$lBLL01$h1503
=CAT  \\$a6550$b40$c20130318$lBLL01$h1543
=CAT  \\$a4278$b40$c20130319$lBLL01$h1749
=CAT  \\$a4278$b40$c20130319$lBLL01$h1753
=CAT  \\$a4278$b40$c20130319$lBLL01$h1757
=CAT  \\$a4278$b40$c20130320$lBLL01$h1021
=CAT  \\$a4278$b40$c20130325$lBLL01$h1226
=CAT  \\$a4278$b40$c20130325$lBLL01$h1227
=CAT  \\$aWR13.117$c20130718$lBLL01$h1857
=CAT  \\$aBATCH-UPD$b00$c20150312$lBLL01$h2043
=CAT  \\$aBATCH-UPD$b00$c20150824$lBLL01$h0102
=CAT  \\$aW1606-1753$c20171028$lBLL01$h1330
=CAT  \\$a1805-0738$c20180928$lBLL01$h1827
=CAT  \\$a1805-0738$b00$c20180928$lBLL01$h1904
=FIN  \\$aY
=LEO  \\$aMP1.0001225788
=SRC  \\$aBLS01$bbibmp1.200404.2.ab
=LAS  \\$a1805-0738$b00$c20180928$lBLL01$h1904

