=LDR  01474 am a2200421 a 4500
=001  016240274
=003  Uk
=005  20130108122445.0
=008  821108s1978\\\\it\a\\\\\\\\\\000\0\ita\d
=FMT  \\$a  BK
=035  \\$a(OCoLC)8933277
=040  \\$aEMU$beng$cEMU$dOCL$dOCLCQ$dUBA$dDRB$dOCLCQ$dUk
=041  0\$aita$afre$aeng
=042  \\$aukblderived
=050  \4$aN6918$b.M8745
=100  10$aMussa, Italo.
=245  10$aIn/visibile /$cItalo Mussa.
=260  \\$aMilano :$bArtra Studio,$c1978.
=300  \\$a67 p. :$bchiefly ill. ;$c24 cm.
=336  \\$atext$2rdacontent
=337  \\$aunmediated$2rdamedia
=338  \\$avolume$2rdacarrier
=500  \\$aItalian, French, and English.
=500  \\$a"This essay is published on the occasion of exhibition In/visibile at Artra Studio, Milan, March 1978."
=650  \0$aArt, Modern$y20th century$vExhibitions.
=650  \0$aConceptual art$vExhibitions.
=650  \7$aArte moderna.$2larpcal
=776  08$iOnline version:$aMussa, Italo.$tIn/visibile.$w(OCoLC)653484035$dMilano : Artra Studio, 1978
=859  \\$aXLD$bdatasets
=852  41$aBritish Library$bHMNTS$jYF.2013.a.541
=CAT  \\$a8565$b40$c20130103$lBLL01$h0944
=CAT  \\$a5512$b40$c20130108$lBLL01$h1224
=CAT  \\$aWR13.117$c20130718$lBLL01$h1857
=CAT  \\$aW1606-1753$c20171028$lBLL01$h1342
=CAT  \\$aBATCH-UPD$b00$c20171028$lBLL01$h1346
=FIN  \\$aY$d20130108
=SID  \\$aZ39$bOCLC
=LAS  \\$aBATCH-UPD$b00$c20171028$lBLL01$h1346

