=LDR  01695 as a2200457 a 4500
=001  016251244
=003  Uk
=005  20130115140709.0
=007  ta
=008  130115c20109999rm\ar\\\\\\\\\0\\\a0rum\\
=FMT  \\$a  SE
=022  \\$a0081-8887
=040  \\$aUk$beng$cUk
=041  0\$arum$aeng$beng
=042  \\$aukblsr
=222  \0$aStudii ṣi cercetări de numismatică
=245  00$aStudii ṣi cercetări de numismatică /$cAcademia Română Institutul de Arheologie 'Vasile Pârvan'.
=246  13$aStudies and researches in numismatics,$f<2010->
=246  13$aEtudes et recherches de numismatique,$f<2010->
=260  \\$aBucureṣti :$bEditura Academiei Române,$c1957-.
=300  \\$av. :$bill., facsims., maps ;$c27 cm.
=310  \\$aAnnual.
=336  \\$atext$2rdacontent
=337  \\$aunmediated$2rdamedia
=338  \\$avolume$2rdacarrier
=362  0\$aVol. 1-
=546  \\$aArticles in Romanian and English. Summaries in English.
=550  \\$aIssued by: Academia Română Institutul de Arheologie 'Vasile Pârvan'. ser. nouă, v. 1 (2010)-
=588  \\$aDescription based on: Vol.2.(XIV) (2011).
=500  \\$aLatest issue consulted: Ser. nouă, Vol.2 (2011).
=650  \0$aNumismatics$zRomania$vPeriodicals.
=650  \4$aNumismatics$zRomania
=710  2\$aInstitutul de Arheologie "Vasile Pârvan".
=859  \\$aXLD$bdatasets
=852  41$aBritish Library$bHMNTS$jZF.9.a.9509
=CAT  \\$a13151$b40$c20130115$lBLL01$h1407
=CAT  \\$aBATCH-UPD$b40$c20130207$lBLL01$h2037
=CAT  \\$aWR13.117$c20130718$lBLL01$h1857
=CAT  \\$aW1606-1753$c20171028$lBLL01$h1342
=FIN  \\$aY$d20130115
=LAS  \\$aW1606-1753$b00$c20171028$lBLL01$h1342

