=LDR  01991 am a22004697a 4500
=001  016255826
=003  Uk
=005  20130304163935.0
=008  130122s1789\\\\ne\\\\\\\\\\\\000\0\fre\\
=FMT  \\$a  BK
=040  \\$aUk$beng$cUk
=245  00$aDes États Généraux et autres assemblées nationales.$nTome onzième
=264  \1$aA La Haye ;$a& se trouve à Paris :$bchez Buisson, libraire, hôtel de Coëtlosquet, rue Haute-Feuille, no. 20,$c1789.
=300  \\$a[4], 532 pages ;$c20 cm. (8º)
=336  \\$atext$2rdacontent
=337  \\$aunmediated$2rdamedia
=338  \\$avolume$2rdacarrier
=340  \\$m8vo$2rdabf
=505  0\$aContents: États de Charles IX, Suite des États tenus à Orléans en 1560
=505  0\$aOn the recto of the leaf following the title-page: Avis. On trouve chez le même libraire, les trois ouvrages ci-dessous, sur les circonstances actuelles...
=508  \\$aCompiled by Charles-Joseph Mayer
=510  0\$aReferences: Barbier: Dictionnaire des ouvrages anonymes
=700  0\$aCharles$bIX,$cKing of France,$d1550-1574.
=700  1\$aMayer, Charles-Joseph,$d1751-approximately 1825.
=859  \\$aXLD$bdatasets
=852  41$aBritish Library$bHMNTS$jF.79
=852  41$aBritish Library$bHMNTS$j282.f.22$3Another copy
=985  \\$aRecord amended for WR# 13/070
=985  \\$aCorrected by MS generated file for WR# 1805-0738
=CAT  \\$a4278$b40$c20130122$lBLL01$h1048
=CAT  \\$a4278$b40$c20130122$lBLL01$h1058
=CAT  \\$a4278$b40$c20130123$lBLL01$h1241
=CAT  \\$a4278$b40$c20130128$lBLL01$h1248
=CAT  \\$a4278$b40$c20130304$lBLL01$h1639
=CAT  \\$aWR13_070$b00$c20130504$lBLL01$h0341
=CAT  \\$aWR13.117$c20130718$lBLL01$h1857
=CAT  \\$aW1606-1753$c20171028$lBLL01$h1342
=CAT  \\$aBATCH-UPD$b00$c20171028$lBLL01$h1346
=CAT  \\$a1805-0738$c20181228$lBLL01$h1832
=CAT  \\$a1805-0738$b00$c20181228$lBLL01$h1917
=FIN  \\$aY$d20130122
=LAS  \\$a1805-0738$b00$c20181228$lBLL01$h1917

