=LDR  01610 as a2200529 a 4500
=001  016259133
=003  Uk
=005  20130125092856.0
=007  ta
=008  040818c20039999it\ar\\\\\s\\\0\\\b0ita\\
=FMT  \\$a  SE
=010  \\$a  2005243603
=016  7\$a101227400$2DNLM
=035  \\$a(OCoLC)60712063
=040  \\$aDNLM$beng$cDNLM$dOCoLC$dUk
=042  \\$aukblsr
=043  \\$ae-it---
=060  00$aW1$bOS535
=082  04$a362.110945$223
=245  00$aOspedali & salute :$b... rapporto annuale /$cIlesis, Associazione italiana ospedalità privata.
=246  3\$aOspedali e salute
=260  \\$aMilano, Italy :$bFrancoAngeli,$cc2004-
=300  \\$av. ;$c23 cm.
=310  \\$aAnnual
=336  \\$atext$2rdacontent
=337  \\$aunmediated$2rdamedia
=338  \\$avolume$2rdacarrier
=362  0\$a1 (2003)-
=490  1\$aCollana AIOP
=588  \\$aLatest issue consulted: 8 (2010).
=650  \0$aHospitals$zItaly$vPeriodicals.
=650  \0$aMedical care$zItaly$vPeriodicals.
=651  \0$aItaly$vStatistics, Medical$vPeriodicals.
=690  7\$aSocial Welfare$2blcoll
=710  2\$aIlesis (Society)
=710  2\$aAssociazione italiana ospedalità privata.
=830  \0$aCollana AIOP.
=850  \\$aDNLM
=859  \\$aXLD$bdatasets
=852  41$aBritish Library$bHMNTS$jZF.9.a.9609$32010
=CAT  \\$a10806$b40$c20130125$lBLL01$h0928
=CAT  \\$aBATCH-SWP$c20130629$lBLL01$h0025
=CAT  \\$aWR13.117$c20130718$lBLL01$h1857
=CAT  \\$aW1606-1753$c20171028$lBLL01$h1342
=FIN  \\$aY$d20130125
=SRC  \\$aBLL02
=LAS  \\$aW1606-1753$b00$c20171028$lBLL01$h1342

