=LDR  01738pam a2200529 i 4500
=001  016280790
=003  Uk
=005  20140214073845.0
=008  130214s2013\\\\enkb\\\\\b\\\|000\1|eng\d
=FMT  \\$a  BK
=015  \\$aGBB315963$2bnb
=016  7\$a016280790$2Uk
=020  \\$a9781781850794 (HB) :$c£16.99
=020  \\$a9781781850800 (XTPB)
=020  \\$z9781781852682 (EBOOK) :$c£7.99
=040  \\$aStDuBDS$beng$cStDuBDS$dUk$erda
=042  \\$aukblsr
=082  04$a813.6$223
=100  1\$aMacBain, Bruce,$eauthor.
=245  14$aThe bull slayer /$cBruce MacBain.
=264  \1$aLondon :$bHead of Zeus,$c2013.
=300  \\$a271 pages :$b1 map (black and white) ;$c24 cm.
=336  \\$atext$2rdacontent
=337  \\$aunmediated$2rdamedia
=338  \\$avolume$2rdacarrier
=490  0\$aThe Roman games series
=530  \\$aAlso issued online.
=504  \\$aIncludes bibliographical references.
=500  \\$aFormerly CIP.$5Uk
=600  00$aPliny,$cthe Younger$vFiction.
=651  \0$aRome$xHistory$yDomitian, 81-96$vFiction.
=655  \0$aDetective and mystery stories.
=859  \\$aXLD$bdatasets
=852  41$aBritish Library$bHMNTS$jNov.2014/1268
=CAT  \\$aBATCH-CIPN$b00$c20130219$lBLL01$h1700
=CAT  \\$aBATCH-CIPC$b00$c20130312$lBLL01$h1701
=CAT  \\$aBATCH-CIPC$b00$c20130411$lBLL01$h1151
=CAT  \\$a6829$b40$c20130725$lBLL01$h0928
=CAT  \\$aWR13.117$c20130728$lBLL01$h1335
=CAT  \\$aWR13.117$c20130728$lBLL01$h1338
=CAT  \\$a10775$b40$c20140214$lBLL01$h0738
=CAT  \\$aWR16_021$c20160708$lBLL01$h1809
=CAT  \\$aW1606-1753$c20171028$lBLL01$h1342
=FIN  \\$aY$d20140214
=LDO  \\$d1/3035498
=SRC  \\$aALDL
=LAS  \\$aW1606-1753$b00$c20171028$lBLL01$h1342

