=LDR  01703 am a22004817a 4500
=001  016281456
=003  Uk
=005  20130515154727.0
=008  121003s2012\\\\vraa\\\\\b\\\\001\0\eng\\
=FMT  \\$a  BK
=020  \\$a9781921867644 (pbk)
=020  \\$a1921867647 (pbk)
=035  \\$a(OCoLC)812861786$z(OCoLC)813945656
=040  \\$aAU@$beng$cAU@$dOCLCO$dYDXCP$dBTCTA$dBWX$dUk
=042  \\$aukblderived
=043  \\$au-at---$aa-cc---$an-us---
=082  04$a327.9405109045$223
=100  1\$aGriffiths, Billy.
=245  14$aThe China breakthrough :$bWhitlam in the middle kingdom /$cBilly Griffiths.
=260  \\$aClayton, Vic. :$bMonash University Publishing,$c2012.
=300  \\$axxvii, 143 pages :$billustrations ;$c22 cm.
=336  \\$atext$2rdacontent
=337  \\$aunmediated$2rdamedia
=338  \\$avolume$2rdacarrier
=490  1\$aAustralian history
=504  \\$aIncludes bibliographical references and index.
=600  10$aWhitlam, Gough,$d1916-2014.
=651  \0$aChina$xForeign relations$y1949-1976.
=651  \0$aChina$xForeign relations$y1976-
=651  \0$aAustralia$xForeign relations$zUnited States.
=651  \0$aChina$xForeign relations$zAustralia.
=651  \0$aUnited States$xForeign relations$zAustralia.
=830  \0$aAustralian history.
=859  \\$aXLD$bdatasets
=852  41$aBritish Library$bOC$jYP.2013.a.3176
=CAT  \\$a9518$b40$c20130220$lBLL01$h1149
=CAT  \\$a5703$b40$c20130515$lBLL01$h1547
=CAT  \\$aWR13.117$c20130718$lBLL01$h1857
=CAT  \\$aBATCH-UPD$b00$c20141023$lBLL01$h2111
=CAT  \\$aW1606-1753$c20171028$lBLL01$h1342
=FIN  \\$aY$d20130515
=SID  \\$aZ39$bOCLC
=LAS  \\$aW1606-1753$b00$c20171028$lBLL01$h1342

