=LDR  01586pam a2200457 i 4500
=001  016283903
=003  Uk
=005  20140123125807.0
=008  130213s2013\\\\ii\\\\\\\b\\\\001\0\eng\d
=FMT  \\$a  BK
=015  \\$aGBB317020$2bnb
=016  7\$a016283903$2Uk
=020  \\$a9780198090434 (paperback) :$cNo price
=020  \\$a0198090439 (paperback)
=040  \\$aStDuBDS$beng$cStDuBDS$dUk$erda
=042  \\$aukblcatcopy
=082  04$a320.80954$223
=100  1\$aMathur, Kuldeep,$eauthor.
=245  10$aPanchayati raj /$cKuldeep Mathur.
=264  \1$aNew Delhi :$bOxford University Press,$c2013.
=300  \\$axxix, 172 pages ;$c19 cm.
=336  \\$atext$2rdacontent
=337  \\$aunmediated$2rdamedia
=338  \\$avolume$2rdacarrier
=490  0\$aOxford India short introductions
=504  \\$aIncludes bibliographical references and index.
=500  \\$aFormerly CIP.$5Uk
=650  \0$aPanchayat$zIndia$xHistory$y20th century.
=650  \0$aDecentralization in government$zIndia$xHistory$y20th century.
=651  \0$aIndia$xPolitics and government$y20th century.
=859  \\$aXLD$bdatasets
=852  41$aBritish Library$bHMNTS$jYK.2014.a.1847
=CAT  \\$aBATCH-CIPN$b00$c20130226$lBLL01$h1700
=CAT  \\$aBATCH-CIPC$b00$c20130411$lBLL01$h1148
=CAT  \\$a10849$b40$c20130530$lBLL01$h0926
=CAT  \\$aWR13.117$c20130718$lBLL01$h1857
=CAT  \\$a9657$b40$c20140123$lBLL01$h1258
=CAT  \\$aWR16_021$c20160708$lBLL01$h1809
=CAT  \\$aW1606-1753$c20171028$lBLL01$h1342
=FIN  \\$aY$d20140123
=LAS  \\$aW1606-1753$b00$c20171028$lBLL01$h1342

