=LDR  02011cam a2200541 i 4500
=001  016301863
=003  Uk
=005  20220331232040.0
=008  130313s2013\\\\enka\\\\\b\\\||||\||eng\\
=FMT  \\$a  BK
=010  \\$a2012955037
=015  \\$aGBB340457$2bnb
=016  7\$a016301863$2Uk
=020  \\$a9781447148777
=020  \\$z9781447148784 (eBook)
=040  \\$aNhCcYBP$beng$cNhCcYBP$dUk$erda
=042  \\$aukblsr
=082  04$a658.5$223
=245  00$aBehavioral issues in operations management :$bnew trends in design, management, and methodologies /$cIlaria Giannoccaro, editor.
=264  \1$aLondon :$bSpringer,$c[2013]
=300  \\$axii, 241 pages :$billustrations (black and white) ;$c25 cm
=336  \\$atext$2rdacontent
=337  \\$aunmediated$2rdamedia
=338  \\$avolume$2rdacarrier
=530  \\$aAlso published electronically.
=504  \\$aIncludes bibliographical references.
=540  \\$aBritish Library not licensed to copy$c0$5Uk
=650  \0$aProduction management$xPsychological aspects.
=650  \0$aBusiness logistics$xManagement$xPsychological aspects.
=650  \0$aOrganizational behavior.
=690  7\$aManagement and Business Studies$2blcoll
=700  1\$aGiannoccaro, Ilaria,$eeditor of compilation.
=859  \\$aXLD$bdatasets
=852  41$aBritish Library$bDSC$jm13/.13525
=852  41$aBritish Library$bHMNTS$jYK.2013.a.23270
=CAT  \\$aBATCH-APP$b00$c20130315$lBLL01$h2124
=CAT  \\$a6524$b40$c20130326$lBLL01$h0714
=CAT  \\$a11014$b40$c20130422$lBLL01$h1610
=CAT  \\$aBATCH-MBS$c20130426$lBLL01$h2115
=CAT  \\$aWR13.117$c20130718$lBLL01$h1857
=CAT  \\$aWR16_021$c20160708$lBLL01$h1811
=CAT  \\$aW1606-1753$c20171028$lBLL01$h1342
=CAT  \\$aBATCH-CLAB$c20220330$lBLL01$h1718
=CAT  \\$aIPL-CLA$c20220331$lBLL01$h2320
=CFI  0\$aBritish Library not licensed to copy$c0$e01-apr-2022$hC$iCFP Excluded$5Uk
=FIN  \\$aY$d20130422
=SRC  \\$aBlackwells
=LAS  \\$aIPL-CLA$b00$c20220331$lBLL01$h2320

