=LDR  01645 am a2200469 a 4500
=001  016304654
=003  Uk
=005  20130423093437.0
=008  120130s2011\\\\fr\af\\\\b\\\\000\0\fre\\
=FMT  \\$a  BK
=010  \\$a  2012409653
=020  \\$a9782843438394
=035  \\$a(FrPJT)JTL00307351
=040  \\$aDLC$cDLC$dDLC$dUk
=042  \\$aukblcatcopy
=043  \\$af-ae---
=050  00$aDT295.5$b.L335 2011
=082  00$a965.05$223
=100  1\$aLagarde, Dominique.
=245  10$aAlgérie :$bla désillusion : 50 ans d'indépendance /$cDominique Lagarde ; avec la collaboration d'Akram Belkaïd et Benjamin Stora ; préface de Christophe Barbier.
=260  \\$aParis :$bExpress Roularta,$cc2011.
=300  \\$a521 p., [12] of plates :$bill. (chiefly col.) ;$c21 cm.
=336  \\$atext$2rdacontent
=337  \\$aunmediated$2rdamedia
=338  \\$avolume$2rdacarrier
=504  \\$aIncludes bibliographical references (p. [519]-521).
=651  \0$aAlgeria$xHistory$y1962-1990.
=651  \0$aAlgeria$xHistory$y1990-
=651  \0$aAlgeria$xPolitics and government$y1962-1990.
=651  \0$aAlgeria$xPolitics and government$y1990-
=700  1\$aBelkaïd, Akram,$d1964-
=700  1\$aStora, Benjamin,$d1950-
=859  \\$aXLD$bdatasets
=852  41$aBritish Library$bHMNTS$jYF.2013.a.7587
=CAT  \\$a9518$b40$c20130320$lBLL01$h1419
=CAT  \\$a10743$b40$c20130422$lBLL01$h0852
=CAT  \\$a11131$b40$c20130423$lBLL01$h0934
=CAT  \\$aWR13.117$c20130718$lBLL01$h1857
=CAT  \\$aW1606-1753$c20171028$lBLL01$h1342
=FIN  \\$aY$d20130423
=SRC  \\$aBLL02
=LAS  \\$aW1606-1753$b00$c20171028$lBLL01$h1342

