=LDR  01934 am a2200565 i 4500
=001  016314329
=003  Uk
=005  20180703174956.0
=008  120928s2013\\\\enka\\\j\\\\\\000\0\eng\d
=FMT  \\$a  BK
=015  \\$aGBB440382$2bnb
=016  7\$a016314329$2Uk
=020  \\$a9781908976055
=020  \\$a1908976055
=040  \\$aUK-WkNB$beng$cUK-WkNB$dUk$erda
=042  \\$aukblsr
=082  04$a388.3423309421$223
=245  04$aThe red London bus /$ceditorial by Alice Corrie.
=246  13$aBookflipz presents the red London bus
=250  \\$aSouvenir edition.
=260  \\$a[East Sussex] :$bAnimated Book Company,$c[2013]
=300  \\$aapproximately 80 pages :$billustrations (colour) ;$c95 mm.
=336  \\$atext$2rdacontent
=336  \\$atwo-dimensional moving image$2rdacontent
=336  \\$astill image$2rdacontent
=337  \\$aunmediated$2rdamedia
=338  \\$avolume$2rdacarrier
=490  0\$aBookflipz
=500  \\$aFlipbook format.
=650  \0$aBuses$zEngland$zLondon$vMiscellanea.
=650  \0$aBuses$zEngland$zLondon$vMiscellanea$vPictorial works.
=650  \0$aFlip books$vSpecimens.
=650  \0$aMiniature books$vSpecimens.
=700  1\$aCorrie, Alice,$eeditor.
=859  \\$aXLD$bdatasets
=852  41$aBritish Library$bHMNTS$jYK.2014.a.8586
=CAT  \\$aBATCH-CMLD$b00$c20130406$lBLL01$h1718
=CAT  \\$a10876$b40$c20130417$lBLL01$h1357
=CAT  \\$a5883$b40$c20140409$lBLL01$h1221
=CAT  \\$a5883$b40$c20140409$lBLL01$h1225
=CAT  \\$a5883$b40$c20140409$lBLL01$h1246
=CAT  \\$a8962$b40$c20140409$lBLL01$h1543
=CAT  \\$aBATCH-CORR$c20160706$lBLL01$h1110
=CAT  \\$aBATCH-UPD$b00$c20160706$lBLL01$h1110
=CAT  \\$aWR16_021$c20160708$lBLL01$h1813
=CAT  \\$aW1606-1753$c20171028$lBLL01$h1342
=CAT  \\$aW1806-2088$c20180703$lBLL01$h1749
=FIN  \\$aY$d20140409
=SRC  \\$aNielsen Bookdata
=LAS  \\$aW1806-2088$b00$c20180703$lBLL01$h1749

