=LDR  01844pam a2200517 i 4500
=001  016317336
=003  Uk
=005  20140630102932.0
=008  130402s2013\\\\enk\\\\\\\\\\\000|j\eng|d
=FMT  \\$a  BK
=015  \\$aGBB337430$2bnb
=016  7\$a016317336$2Uk
=020  \\$a9781781163047 (paperback) :$c£7.99
=020  \\$z9781781163054 (eBook)
=040  \\$aStDuBDS$beng$cStDuBDS$dUk$erda
=042  \\$aukblsr
=082  04$a823.0876208$223
=245  00$aTales of the Wold Newton universe /$cedited by Win Scott Eckert and Christopher Paul Carey.
=250  \\$aFirst edition.
=264  \1$aLondon :$bTitan Books,$cOctober 2013.
=300  \\$a492 pages ;$c21 cm
=336  \\$atext$2rdacontent
=337  \\$aunmediated$2rdamedia
=338  \\$avolume$2rdacarrier
=500  \\$a"A Wold Newton anthology"--front cover.
=500  \\$a"Ten short stories written, edited or inspired by Philip José Farmer"--back cover.
=530  \\$aAlso issued online.
=500  \\$aFormerly CIP.$5Uk
=650  \0$aScience fiction.
=700  1\$aEckert, Win Scott,$eeditor.
=700  1\$aCarey, Christopher Paul,$eeditor.
=700  12$aFarmer, Philip José.$tShort stories.$kSelections.
=859  \\$aXLD$bdatasets
=852  41$aBritish Library$bHMNTS$jYK.2014.a.13705
=CAT  \\$aBATCH-CIPN$b00$c20130409$lBLL01$h1701
=CAT  \\$aBATCH-CIPC$b00$c20130910$lBLL01$h1702
=CAT  \\$a10876$b40$c20131213$lBLL01$h1146
=CAT  \\$a5883$b40$c20140627$lBLL01$h1204
=CAT  \\$a5883$b40$c20140627$lBLL01$h1210
=CAT  \\$a5194$b40$c20140630$lBLL01$h1029
=CAT  \\$aBATCH-CORR$c20160706$lBLL01$h1110
=CAT  \\$aBATCH-UPD$b00$c20160706$lBLL01$h1110
=CAT  \\$aWR16_021$c20160708$lBLL01$h1814
=CAT  \\$aW1606-1753$c20171028$lBLL01$h1342
=FIN  \\$aY$d20140627
=LAS  \\$aW1606-1753$b00$c20171028$lBLL01$h1342

