=LDR  01287 am a22004217i 4500
=001  016322635
=003  Uk
=005  20130701173935.0
=008  130304s2012\\\\mm\a\\\\\b\\\\001\0\eng\d
=FMT  \\$a  BK
=020  \\$a9789990931679
=020  \\$a9990931674
=035  \\$a(OCoLC)828889804
=040  \\$aUk$beng$cUk$dUk$erda
=042  \\$aukblderived
=043  \\$ae-it---
=050  \4$aDG
=082  14$a945$221
=100  1\$aSaid, Edward,$d1980-
=245  10$aSubterranean Valletta /$cEdward Said.
=264  \1$aValletta (M) :$bFondazzjoni Patrimonju Malti,$c2012.
=300  \\$axii, 137 pages :$bsome colour illustrations ;$c28 cm.
=336  \\$atext$2rdacontent
=337  \\$aunmediated$2rdamedia
=338  \\$avolume$2rdacarrier
=500  \\$aBound.
=504  \\$aIncludes bibliographical references.
=859  \\$aXLD$bdatasets
=852  41$aBritish Library$bHMNTS$jYF.2013.b.1794
=CAT  \\$a3563$b40$c20130418$lBLL01$h1403
=CAT  \\$a3513$b40$c20130701$lBLL01$h1728
=CAT  \\$a3513$b40$c20130701$lBLL01$h1739
=CAT  \\$aWR13.117$c20130718$lBLL01$h1857
=CAT  \\$aBATCH-UPD$b00$c20151116$lBLL01$h1210
=CAT  \\$aW1606-1753$c20171028$lBLL01$h1342
=FIN  \\$aY$d20130701
=SID  \\$aZ39$bOCLC
=LAS  \\$aW1606-1753$b00$c20171028$lBLL01$h1342

