=LDR  03322cas a2200889 a 4500
=001  016326515
=003  Uk
=005  20221231145152.0
=007  ta
=008  121106c20129999ne\fr\p\\\\\\\0\\\a0eng\d
=FMT  \\$a  SE
=022  \\$a2213-9702$y0166-5766
=035  \\$a(OCoLC)816034170
=040  \\$aNLGGC$bdut$cNLGGC$dUk$efobidrtb
=042  \\$aukblsr
=050  \4$aTC203$b.P64
=080  \\$a627.7.
=082  04$a627.7$223
=084  \\$a56.39$2bcl
=222  \0$aIHC Merwede insight
=245  00$aIHC Merwede insight :$bdredging, mining, offshore /$cIHC Merwede.
=246  3\$aInsight
=260  \\$aSliedrecht :$bIHC Merwede,$c2012-
=300  \\$billustrations (colour) ;$c30 cm
=310  \\$aSemiannual
=336  \\$atext$2rdacontent
=337  \\$aunmediated$2rdamedia
=338  \\$avolume$2rdacarrier
=362  0\$aE 1 (autumn 2012)-
=500  \\$aOmslagtitel ook: Insight.
=530  \\$aAlso issued online.
=540  \\$aCurrent Copyright Fee: GBP25.00$c0$5Uk
=650  \0$aDredging$vPeriodicals.
=650  \0$aHarbors$vPeriodicals.
=650  \6$aDragage$vPériodiques.
=650  \6$aPorts$vPériodiques.
=650  17$aBaggeren.$2gtt
=650  17$aHavens.$2gtt
=710  2\$aIHC Merwede.
=780  00$tPorts and dredging (Papendrecht, Netherlands)$x0166-5766
=859  \\$aXLD$bdatasets
=852  41$aBritish Library$bDSC$j4363.497700$3Autumn (2012)-Spring (2019)
=945  \\$aIHS Merwede insight
=959  \\$fHeld but not currently received
=CAT  \\$a10806$b40$c20130426$lBLL01$h0819
=CAT  \\$a10806$b40$c20130426$lBLL01$h0820
=CAT  \\$a10806$b40$c20130426$lBLL01$h0833
=CAT  \\$a8335$b40$c20130509$lBLL01$h1027
=CAT  \\$aWR13.117$c20130718$lBLL01$h1857
=CAT  \\$aBATCH-CLA$c20131220$lBLL01$h2121
=CAT  \\$aIPL-CLA$c20140101$lBLL01$h0210
=CAT  \\$aBATCH-UPD$b00$c20151012$lBLL01$h0405
=CAT  \\$aBATCH-CLA$b00$c20161222$lBLL01$h1836
=CAT  \\$aIPL-CLA$c20161231$lBLL01$h0010
=CAT  \\$aW1606-1753$c20171028$lBLL01$h1342
=CAT  \\$aBATCH-CLA$b00$c20171222$lBLL01$h2214
=CAT  \\$aIPL-CLA$c20171231$lBLL01$h1818
=CAT  \\$aBATCH-CLA$b00$c20191219$lBLL01$h1759
=CAT  \\$aIPL-CLA$c20191231$lBLL01$h2034
=CAT  \\$aR2001-1524$c20200127$lBLL01$h2059
=CAT  \\$aBATCH-CLA$b00$c20201204$lBLL01$h1610
=CAT  \\$aIPL-CLA$c20201231$lBLL01$h1532
=CAT  \\$a8335$b40$c20220308$lBLL01$h1405
=CAT  \\$aBATCH-CLA$b00$c20221221$lBLL01$h1927
=CAT  \\$aIPL-CLA$c20221231$lBLL01$h1451
=CFI  0\$aCurrent Copyright Fee: GBP25.00$c0$e01-jan-2023$fGBP25.00$g0$hA$5Uk
=CFI  2\$aPrevious Copyright Fee: GBP22.50$c0$e01-jan-2021$fGBP22.50$g0$hA$5Uk
=FIN  \\$aY$d20130426
=LKR  \\$aPAR$b007867428$lBLL01$r78000$mIHC Merwede insight$nPorts and dredging
=SID  \\$aZ39$bOCLC
=TOC  \\$aETOC
=ACF  \\$aPrevious copyright fee: GBP12.00$c0$e09-may-2012$fGBP12.00$g0$hA$5Uk
=ACF  \\$aPrevious Copyright Fee: GBP12.30$c0$e01-jan-2014$fGBP12.30$g0$hA$5Uk
=ACF  \\$aPrevious Copyright Fee: GBP15.00$c0$e01-jan-2017$fGBP15.00$g0$hA$5Uk
=ACF  \\$aPrevious Copyright Fee: GBP17.50$c0$e01-jan-2018$fGBP17.50$g0$hA$5Uk
=ACF  \\$aPrevious Copyright Fee: GBP20.00$c0$e01-jan-2020$fGBP20.00$g0$hA$5Uk
=LAS  \\$aIPL-CLA$b00$c20221231$lBLL01$h1451

