=LDR  02377 am a22004577i 4500
=001  016425061
=003  Uk
=005  20130723124214.0
=008  130605s1756\\\\fr\\\\\\\\\\\\000\0\fre\\
=FMT  \\$a  BK
=040  \\$aUk$beng$cUk$erda
=245  00$aMémoire pour les Associés au privilège du Spectateur anglois, ou Socrate moderne, libraires à Paris.$bContre les Associés à l'imprimerie de Trévoux, aussi libraires à Paris
=264  \1$a[Paris] :$b[de l'imprimerie de Grange, rue de la Parcheminerie.],$c[1756?]
=300  \\$a4 pages ;$c32 cm. (folio)
=336  \\$atext$2rdacontent
=337  \\$aunmediated$2rdamedia
=338  \\$avolume$2rdacarrier
=340  \\$mfolio$2rdabf
=500  \\$aConcerning the printing of the Spectateur ou Socrate moderne by the Compagnie de Trévoux, Paris, in breach of the Privilège already granted to other printers in Paris
=500  \\$aCaption title
=500  \\$aImprint from colophon
=500  \\$aLacking a date of imprint: internal evidence suggests 1756
=562  \\$3Copy at shelfmark 5408.l.6(5-7)$aincludes two MSS letters on folio leaves bound in after printed text: 1) Begin - Le Mercier, propriétaire du Dictionnaire des Théâtres de Paris, ... seroit fondé à persister dans son opposition à l'enregistrement du nouveau privilege du Petit Dictionnaire des Théâtres... 2) Begin - Le ch. Demouhy vient d'apprendre que le Sr. Mercier, libraire, a fait hier opposition à l'enregistrement que vous avez bien voulu luy accorder...
=710  2\$aCompagnie de Trévoux (Paris, France)
=740  0\$aSpectateur ou Le Socrate moderne
=859  \\$aXLD$bdatasets
=852  41$aBritish Library$bHMNTS$j5408.l.6(5-7)
=985  \\$aCorrected by MS generated file for WR# 1805-0738
=CAT  \\$a4278$b40$c20130605$lBLL01$h1307
=CAT  \\$a4278$b40$c20130605$lBLL01$h1308
=CAT  \\$a4278$b40$c20130605$lBLL01$h1635
=CAT  \\$a5100$b40$c20130618$lBLL01$h1327
=CAT  \\$aBATCH-UPD$b40$c20130618$lBLL01$h1328
=CAT  \\$aBATCH-UPD$b40$c20130621$lBLL01$h2147
=CAT  \\$aWR13.117$c20130718$lBLL01$h1857
=CAT  \\$a4278$b40$c20130723$lBLL01$h1242
=CAT  \\$aW1606-1753$c20171028$lBLL01$h1351
=CAT  \\$a1805-0738$c20181228$lBLL01$h1833
=CAT  \\$a1805-0738$b00$c20181228$lBLL01$h1917
=FIN  \\$aY$d20130605
=LAS  \\$a1805-0738$b00$c20181228$lBLL01$h1917

