=LDR  01967cam a22004937i 4500
=001  016429025
=003  Uk
=005  20130613165237.0
=008  130611s2013\\\\mdua\\\\\b\\\\100\0\eng\\
=FMT  \\$a  BK
=040  \\$aUk$beng$cUk$erda
=CNF  \\$aAnnual mid-atlantic nutrition conference$n(11th :$d2013 Mar :$cTimonium, MD)
=245  00$a2013 proceedings of the 11th annual mid-atlantic nutrition conference :$bMarch 27-28, 2013 Timonium, Maryland /$cedited by Nick Zimmermann.
=264  \1$aCollege Park, MD :$bMaryland Feed Industry Council,$c2013.
=300  \\$avii, 168 pages :$billustrations (black and white) ;$c28 cm +$e1 CD-ROM
=336  \\$atext$2rdacontent
=337  \\$aunmediated$2rdamedia
=337  \\$acomputer$2rdamedia
=338  \\$avolume$2rdacarrier
=338  \\$acomputer disc$2rdacarrier
=500  \\$aTitle from cover.
=504  \\$aIncludes bibliographical references.
=591  \\$aPapers and abstracts. Also known as MANC.
=540  \\$aBritish Library not licensed to copy$c0$5Uk
=653  1\$aNutrition
=653  1\$aMANC
=700  1\$aZimmermann, Nick,$eeditor of compilation.
=710  2\$aMaryland Feed Industry Council,$epublisher.
=859  \\$aXLD$bdatasets
=852  41$aBritish Library$bDSC$j5761.313636
=945  \\$aMid-Atlantic nutrition conference ; 11th 2013
=CAT  \\$a7164$b40$c20130611$lBLL01$h0850
=CAT  \\$aBATCH-CLA$b00$c20130612$lBLL01$h0048
=CAT  \\$a7143$b40$c20130613$lBLL01$h1648
=CAT  \\$a7143$b40$c20130613$lBLL01$h1650
=CAT  \\$a7143$b40$c20130613$lBLL01$h1652
=CAT  \\$aBATCH-CLA$b00$c20130703$lBLL01$h0039
=CAT  \\$aWR13.117$c20130718$lBLL01$h1857
=CAT  \\$aBATCH-CLA$b00$c20130719$lBLL01$h0050
=CAT  \\$aW1606-1753$c20171028$lBLL01$h1352
=CAT  \\$aBATCH-CLA$b00$c20171029$lBLL01$h0424
=CFI  0\$aBritish Library not licensed to copy$c0$e07-sep-2011$hC$iTX$5Uk
=FIN  \\$aY$d20130613
=LAS  \\$aBATCH-CLA$b00$c20171029$lBLL01$h0424

