=LDR  01459 am a22004097i 4500
=001  016435083
=003  Uk
=005  20140512121438.0
=008  130528s2000\\\\enk\\\\\\\\\\o000\0\eng\\
=FMT  \\$a  BK
=040  \\$aUk$beng$cUk$erda
=082  04$a363.192$223
=110  2\$aCentral Science Laboratory (Great Britain),$eauthor,$epublisher.
=245  10$aSurvey of 2-mercaptobenzothiazole and benzothiazole in food and drink :$bmethodology final report /$cCentral Science Laboratory ; authors, Karen Barnes and Laurence Castle.
=264  \1$aSand Hutton, York :$bCSL,$cNovember 2000.
=300  \\$a10 leaves ;$c30 cm
=336  \\$atext$2rdacontent
=337  \\$aunmediated$2rdamedia
=338  \\$avolume$2rdacarrier
=500  \\$aReport number: FD 00/39.
=500  \\$aSponsor's project number: FS 2716, AO4004.
=500  \\$aCSL project: GN23.
=500  \\$aCSL file number: FLN 5771.
=650  \0$aFood$xSafety measures.
=650  \0$aFood$xStandards.
=650  \0$aFood$xQuality.
=700  1\$aBarnes, Karen A.,$eauthor.
=700  1\$aCastle, L.,$eauthor.
=710  1\$aGreat Britain.$bFood Standards Agency.
=859  \\$aXLD$bdatasets
=852  41$aBritish Library$bDSC$jx29/.7603
=CAT  \\$a5512$b40$c20130620$lBLL01$h1544
=CAT  \\$aWR13.117$c20130718$lBLL01$h1857
=CAT  \\$a7143$b40$c20131105$lBLL01$h1733
=CAT  \\$a10962$b40$c20140512$lBLL01$h1214
=FIN  \\$aY$d20131105
=LAS  \\$a10962$b40$c20140512$lBLL01$h1214

