=LDR  01317 am a22003617i 4500
=001  016435095
=003  Uk
=005  20140512114529.0
=008  130528s2000\\\\enk\\\\\\\\\\o000\0\eng\\
=FMT  \\$a  BK
=040  \\$aUk$beng$cUk$erda
=082  04$a363.192$223
=110  1\$aGreat Britain.$bFood Standards Agency.
=245  10$aEvaluation of deep litter woodchippings for bedding finishing cattle :$bAppendix : evaluation of conventional straw bedding on a deep litter woodchip base /$cMinistry of Agriculture, Fisheries and Food.
=264  \1$a[London] :$b[Food Standards Agency],$c2000.
=300  \\$a6 leaves, 3 unnumbered leaves ;$c30 cm
=336  \\$atext$2rdacontent
=337  \\$aunmediated$2rdamedia
=338  \\$avolume$2rdacarrier
=500  \\$aContract reference: CSA 4998.
=500  \\$aProject reference: MH 0230.
=650  \0$aFood$xSafety measures.
=650  \0$aFood$xStandards.
=650  \0$aFood$xQuality.
=859  \\$aXLD$bdatasets
=852  41$aBritish Library$bDSC$jx29/.7594
=CAT  \\$a5512$b40$c20130620$lBLL01$h1554
=CAT  \\$aWR13.117$c20130718$lBLL01$h1857
=CAT  \\$a7143$b40$c20131105$lBLL01$h1847
=CAT  \\$a10962$b40$c20140512$lBLL01$h1145
=CAT  \\$aW1606-1753$c20171028$lBLL01$h1352
=FIN  \\$aY$d20131105
=LAS  \\$aW1606-1753$b00$c20171028$lBLL01$h1352

