=LDR  01170cam a2200361ui 4500
=001  016435197
=003  Uk
=005  20230120123146.0
=008  130516s2013\\\\enk||||\|\\\\||||\||eng\d
=FMT  \\$a  BK
=016  7\$a016435197$2Uk
=020  \\$a9780956678157 (paperback)
=040  \\$aStEdALDL$beng$cStEdALDL$erda
=245  00$aAll the Aires - Belgium, Holland & Luxembourg /$cedited by Chris Doree.
=250  \\$a2nd edition.
=264  \1$aFolkestone :$bVicarious Books,$c[2013]
=300  \\$a160 pages
=336  \\$atext$2rdacontent
=337  \\$aunmediated$2rdamedia
=338  \\$avolume$2rdacarrier
=859  \\$aXLD$bdatasets
=852  41$aBritish Library$bHMNTS$jYKL.2023.a.3424
=985  \\$aBSR Backlog project record un-reviewed
=CAT  \\$aBATCH-ALDL$b00$c20130620$lBLL01$h2307
=CAT  \\$a10849$b40$c20130626$lBLL01$h1048
=CAT  \\$a10849$b40$c20130626$lBLL01$h1057
=CAT  \\$aWR13.117$c20130718$lBLL01$h1857
=CAT  \\$aWR16_021$c20160708$lBLL01$h1821
=CAT  \\$aW1606-1753$c20171028$lBLL01$h1352
=CAT  \\$a16131$b40$c20230120$lBLL01$h1231
=LDO  \\$d1/3032872
=SRC  \\$aALDL
=LAS  \\$a16131$b40$c20230120$lBLL01$h1231

