=LDR  01680 am a2200421 i 4500
=001  016607085
=003  Uk
=005  20140306160936.0
=008  140120s2013\\\\np\a\\\\\b\\\\001\0\eng\\
=FMT  \\$a  BK
=020  \\$a9789937257435 (paperback)
=040  \\$aUk$beng$cUk$erda
=042  \\$aukblsr
=082  04$a333.7140954$223
=100  10$aKhadka, Ram B.,$eauthor.
=245  10$aEnvironmental impact assessment :$bprocesses methods and practices in South Asia (Bangladesh, Bhutan, India and Nepal) /$cRam B. Khadka, Stefan Gorzula, Ananda R. Joshi, Shailendra Guragain, and Ajay B. Mathema.
=250  \\$a1st edition.
=264  \1$a[Nepal] :$bSchool of Environmental Science and Management (SchEMS),$c2013.
=300  \\$axvi, 250 pages :$billustrations (black and white) ;$c21 cm
=336  \\$atext$2rdacontent
=337  \\$aunmediated$2rdamedia
=338  \\$avolume$2rdacarrier
=504  \\$aIncludes bibliographical references and index.
=650  \0$aEnvironmental impact analysis$zSouth Asia.
=700  1\$aGorzula, Stefan,$eauthor.
=700  1\$aJośī, Ānanda,$d1948-$eauthor.
=700  1\$aGuragain, Shailendra,$eauthor.
=700  1\$aMathema, Ajay B.,$eauthor.
=710  2\$aSchool of Environmental Science and Management,$epublisher.
=859  \\$aXLD$bdatasets
=852  41$aBritish Library$bOC$jYP.2014.a.2141
=CAT  \\$a9518$b40$c20140120$lBLL01$h1732
=CAT  \\$a5883$b40$c20140303$lBLL01$h1553
=CAT  \\$a5194$b40$c20140306$lBLL01$h1609
=CAT  \\$aBATCH-CORR$c20160706$lBLL01$h1110
=CAT  \\$aBATCH-UPD$b00$c20160706$lBLL01$h1110
=CAT  \\$aW1606-1753$c20171028$lBLL01$h1353
=LAS  \\$aW1606-1753$b00$c20171028$lBLL01$h1353

