=LDR  01482 am a2200445 i 4500
=001  016613799
=003  Uk
=005  20150224113835.0
=008  140328s2012\\\\rb\\\\\\\\\\\\000\0\eng\d
=FMT  \\$a  BK
=010  \\$a  2014368151
=020  \\$a9788661450969
=020  \\$a8661450969
=035  \\$a(OCoLC)ocn869211303
=040  \\$aCGU$beng$cCGU$dDLC$dUk$erda
=041  1\$aeng$hsrp
=042  \\$aukblsr
=050  00$aPG1419.1.L335$bA2 2012
=100  1\$aAlbahari, David,$d1948-$eauthor.
=240  10$aShort stories.$kSelections.$lEnglish
=245  10$aLearning Cyrillic :$bselected stories /$cDavid Albahari ; translated from the Serbian by Ellen Elias-Bursać.
=264  \1$aBelgrade :$bGeopoetika Publishing,$c2012.
=300  \\$a268 pages ;$c20 cm.
=336  \\$atext$2rdacontent
=337  \\$aunmediated$2rdamedia
=338  \\$avolume$2rdacarrier
=490  1\$aSerbian prose in translation
=700  1\$aElias-Bursać, Ellen,$etranslator.
=830  \0$aSerbian prose in translation.
=859  \\$aXLD$bdatasets
=852  41$aBritish Library$bHMNTS$jYD.2015.a.600
=CAT  \\$a10039$b40$c20140130$lBLL01$h1201
=CAT  \\$a10039$b40$c20150224$lBLL01$h1138
=CAT  \\$aBATCH-UPD$b40$c20150727$lBLL01$h2025
=CAT  \\$aBATCH-CORR$c20160706$lBLL01$h1110
=CAT  \\$aBATCH-UPD$b00$c20160706$lBLL01$h1110
=CAT  \\$aW1606-1753$c20171028$lBLL01$h1353
=FIN  \\$aY$d20150224
=SRC  \\$aBLL02
=LAS  \\$aW1606-1753$b00$c20171028$lBLL01$h1353

