=LDR  01927 am a2200505 i 4500
=001  016656082
=003  Uk
=005  20141029145911.0
=008  140320t20131999enk\\\\\\\\\\\001\0\eng\\
=FMT  \\$a  BK
=015  \\$aGBB4B7894$2bnb
=016  7\$a016656082$2Uk
=020  \\$a9780564097746 (paperback)
=040  \\$aUk$beng$cUk$erda
=042  \\$aukblsr
=082  04$a220.04$223
=130  0\$aBible.$lEnglish.$sNew Revised Standard.$f1989.
=245  14$aThe poverty and justice Bible /$cBiblical research: Sandie Barton and David Spriggs.
=250  \\$aCatholic edition.
=264  \1$a[Swindon] :$bBible Society,$c[2013]
=264  \4$c©1999
=300  \\$a1635, 32 pages ;$c21 cm
=336  \\$atext$2rdacontent
=337  \\$aunmediated$2rdamedia
=338  \\$avolume$2rdacarrier
=500  \\$aIncludes index.
=500  \\$a"The Scripture quotations contained herein are from the New Revised Standard Version Bible, copyright ©1989"--title page verso.
=500  \\$a"NRSV Catholic Edition, Anglicised Text, copyright © 1999, 1995, 1989"--title page verso.
=500  \\$aWith over 3,500 verses highlighted to show what the Bible has to say about poverty and justice.
=505  1\$aPoverty and justice in 3-D / Nick and Claire Page.
=700  12$aPage, Nick,$d1961-$tPoverty and justice in 3-D.
=700  1\$aPage, Claire,$eauthor.
=700  1\$aBarton, Sandie,$eeditor.
=700  1\$aSpriggs, David,$eeditor.
=859  \\$aXLD$bdatasets
=852  41$aBritish Library$bHMNTS$jYK.2014.a.19711
=CAT  \\$a11029$b40$c20140320$lBLL01$h1141
=CAT  \\$a5883$b40$c20141022$lBLL01$h0943
=CAT  \\$a5883$b40$c20141029$lBLL01$h1443
=CAT  \\$a5883$b40$c20141029$lBLL01$h1459
=CAT  \\$aBATCH-CORR$c20160706$lBLL01$h1110
=CAT  \\$aWR16_021$c20160714$lBLL01$h1806
=CAT  \\$aW1606-1753$c20171028$lBLL01$h1353
=FIN  \\$aY$d20141022
=LAS  \\$aW1606-1753$b00$c20171028$lBLL01$h1353

