=LDR  01862 am a2200469 a 4500
=001  016820350
=003  Uk
=005  20140821114919.0
=008  991230s2000\\\\enka\\\\\\\\\o000\0\eng\d
=FMT  \\$a  BK
=020  \\$a9781862402096 (paperback)
=020  \\$a1862402094 (paperback)
=035  \\$a(OCoLC)847453046
=040  \\$aU9X$cU9X$dUk
=042  \\$aukblsr
=082  04$a361.942398$223
=245  02$aA report of the joint review of social services in Bath and North East Somerset Council.
=246  13$aBath and North East Somerset :$ba report of the review of Social Services in Bath and North East Somerset Council, March 2000
=260  \\$aAbingdon, Oxon. :$bAudit Commission Publications,$c[2000?]
=300  \\$a87 p. :$billustrations (colour) ;$c30 cm.
=336  \\$atext$2rdacontent
=337  \\$aunmediated$2rdamedia
=338  \\$avolume$2rdacarrier
=490  0\$aJoint reviews
=500  \\$aTitle from cover.
=500  \\$a"Carried out by a specialist national team managed jointly by the Audit Commission, the Department of Health's Social Services Inspectorate."
=650  \0$aSocial service$zEngland$zBath.
=650  \0$aSocial service$zEngland$zSomerset.
=650  \0$aPublic welfare$zEngland$zSomerset.
=690  7\$aSocial Welfare$2blcoll
=710  1\$aGreat Britain.$bSocial Services Inspectorate.
=710  2\$aAudit Commission for Local Authorities and the National Health Service in England and Wales.
=859  \\$aXLD$bdatasets
=852  41$aBritish Library$bDSC$jm14/.11821
=CAT  \\$a11131$b40$c20140811$lBLL01$h1113
=CAT  \\$a7034$b40$c20140821$lBLL01$h1149
=CAT  \\$aBATCH-SWP$c20140829$lBLL01$h2348
=CAT  \\$aBATCH-CORR$c20160706$lBLL01$h1110
=CAT  \\$aW1606-1753$c20171028$lBLL01$h1603
=FIN  \\$aY$d20140821
=SID  \\$aZ39$bOCLC
=LAS  \\$aW1606-1753$b00$c20171028$lBLL01$h1603

