=LDR  01703pam a2200505 i 4500
=001  017010044
=003  Uk
=005  20150327104251.0
=008  141210s2016\\\\caua\\\\\\\\\\001\0\eng\d
=FMT  \\$a  BK
=015  \\$aGBB505176$2bnb
=016  7\$a017010044$2Uk
=020  \\$a9781452299334 (pbk.) :$c£42.00
=020  \\$z9781483313139 (ebook) :$c£42.00
=040  \\$aStDuBDS$beng$cStDuBDS$dUk$erda
=042  \\$aukblcatcopy
=082  04$a303.482$223
=245  00$aGlobalizing intercultural communication :$ba reader /$cedited by Kathryn Sorrells, Sachi Sekimoto.
=264  \1$aLos Angeles :$bSAGE,$c[2016]
=300  \\$axxii, 337 pages :$billustrations ;$c24 cm
=336  \\$atext$2rdacontent
=337  \\$aunmediated$2rdamedia
=338  \\$avolume$2rdacarrier
=500  \\$aIncludes index.
=530  \\$aAlso issued online.
=500  \\$aFormerly CIP.$5Uk
=650  \0$aIntercultural communication.
=650  \0$aGlobalization$xSocial aspects.
=690  7\$aSocial Welfare$2blcoll
=700  1\$aSorrells, Kathryn,$eeditor.
=700  1\$aSekimoto, Sachi,$eeditor.
=776  08$iebook version:$z9781483313139
=859  \\$aXLD$bdatasets
=852  41$aBritish Library$bHMNTS$jSPIS303.482
=916  \\$a700/1=NEW
=CAT  \\$aBATCH-CIPN$b00$c20150113$lBLL01$h1701
=CAT  \\$a10876$b40$c20150326$lBLL01$h1151
=CAT  \\$a6605$b40$c20150327$lBLL01$h1042
=CAT  \\$aBATCH-SWP$c20150410$lBLL01$h2211
=CAT  \\$aBATCH-CORR$c20160706$lBLL01$h1110
=CAT  \\$aWR16_021$c20160716$lBLL01$h1813
=CAT  \\$aW1611-0866$c20161123$lBLL01$h1752
=CAT  \\$aW1606-1753$c20171028$lBLL01$h1604
=FIN  \\$aY$d20150327
=LAS  \\$aW1606-1753$b00$c20171028$lBLL01$h1604

