=LDR  02385pam a2200625 i 4500
=001  015333040
=003  Uk
=005  20141120114135.0
=008  090717s2009\\\\enka\\\j\\\\\|0|0|f|eng|d
=015  \\$aGBA972864$2bnb
=016  7\$a015333040$2Uk
=020  \\$a9781846115721 (paperback) :$c£7.50
=020  \\$a1846115728 (paperback) :$c£7.50
=040  \\$aStDuBDS$beng$cStDuBDS$dUk$erda
=041  1\$aeng$aspa$heng
=042  \\$aukblsr
=082  04$a823.92$223
=100  1\$aMaclaren, Thando,$eauthor.
=245  10$aYum! Let's eat! =$b¡Mmm, qué rico! ¡Vamos a Comer! /$cThando Maclaren ; illustrated by Jacqueline East ; Marta Belen Saez-Cabero.
=246  31$a¡Mmm, qué rico! ¡Vamos a Comer!
=264  \1$aLondon :$bMantra Lingua,$c2009.
=300  \\$a24 unnumbered pages :$billustrations (colour) ;$c21 cm.
=336  \\$atext$2rdacontent
=336  \\$astill image$2rdacontent
=337  \\$aunmediated$2rdamedia
=338  \\$avolume$2rdacarrier
=490  0\$aOur lives, our world
=500  \\$aRequires RecorderPen for sound effects.
=500  \\$aFormerly CIP.$5Uk
=546  \\$aText in English with parallel translation in Spanish.
=650  \0$aFood$vPictorial works$vJuvenile fiction.
=650  \0$aFood habits$vPictorial works$vJuvenile fiction.
=650  \0$aCooking$vPictorial works$vJuvenile fiction.
=655  \7$aChildren's stories$vPictorial works.$2gsafd
=655  \0$aSound effects books.
=700  1\$aEast, Jacqueline,$eillustrator.
=700  1\$aSáez-Cabero, Marta Belén,$etranslator.
=700  12$aMaclaren, Thando.$tYum! Let's eat!$lEnglish.
=700  12$aMaclaren, Thando.$tYum! Let's eat!$lSpanish.
=852  41$aBritish Library$bHMNTS$jYKL.2014.a.3995
=859  \\$aXLD$bdatasets
=CAT  \\$aBATCH-CIPN$b00$c20090721$lBLL01$h1701
=CAT  \\$aBATCH$b00$c20090721$lBLL01$h1701
=CAT  \\$aBATCH$b00$c20090721$lBLL01$h1706
=CAT  \\$a11249$b40$c20110318$lBLL01$h1406
=CAT  \\$a11250$b40$c20141120$lBLL01$h1127
=CAT  \\$a11250$b40$c20141120$lBLL01$h1128
=CAT  \\$a11250$b40$c20141120$lBLL01$h1141
=CAT  \\$aWR16_021$c20160624$lBLL01$h1829
=CAT  \\$aBATCH-CORR$c20160706$lBLL01$h1110
=CAT  \\$aW1606-1753$c20171028$lBLL01$h1330
=CAT  \\$aBATCH-UPD$b00$c20210823$lBLL01$h2034
=FIN  \\$aY$d20141120
=FMT  \\$a  BK
=LAS  \\$aBATCH-UPD$b00$c20210823$lBLL01$h2034

