=LDR  02253cam a2200601 a 4500
=001  015558798
=003  Uk
=005  20160407110520.0
=008  090922s2009\\\\fr\a\\\\\b\\\\001\0\fre\c
=FMT  \\$a  BK
=010  \\$a  2009503758
=020  \\$a9782296094543 (v. 1 : pbk.)
=020  \\$a2296094546 (v. 1 : pbk.)
=020  \\$a9782296564145 (v 2 : paperback)
=020  \\$a9782296564169 (v. 3 : paperback)
=035  \\$a(OCoLC)ocn497192147
=040  \\$aAUXAM$beng$cSTF$dDLC$dUk
=041  0\$afre$ahat
=042  \\$aukblsr
=043  \\$anwht---
=050  00$aF1928.2$b.F55 2009
=100  1\$aFleurimond, Wiener Kerns,$d1958-
=245  10$aHaïti de la crise à l'occupation :$bhistoire d'un chaos /$cWiener Kerns Fleurimond ; préface de Jean Metellus.
=260  \\$aParis :$bL'Harmattan,$cc2009.
=300  \\$a3 volumes :$billustrations (black and white) ;$c24 cm.
=336  \\$atext$2rdacontent
=337  \\$aunmediated$2rdamedia
=338  \\$avolume$2rdacarrier
=546  \\$aIncludes sections in Haitian.
=504  \\$aIncludes bibliographical references and indexes.
=505  0\$at. 1. (2000-2004) La chute d'Aristide -- t. 2. (2004-2005) Les technocrates au pouvoir -- t. 3. (2005-2006) Élection de René Garcia Préval.
=651  \0$aHaiti$xPolitics and government$y1986-
=651  \0$aHaiti$xHistory$y1986-
=600  10$aAristide, Jean-Bertrand.
=859  \\$aXLD$bdatasets
=852  41$aBritish Library$bHMNTS$jYF.2016.a.8738
=852  41$aBritish Library$bHMNTS$jYF.2016.a.8739
=852  41$aBritish Library$bHMNTS$jYF.2010.a.17294
=CAT  \\$a11375$b40$c20100520$lBLL01$h0944
=CAT  \\$a11312$b40$c20100709$lBLL01$h1321
=CAT  \\$a8157$b40$c20130705$lBLL01$h0956
=CAT  \\$a8157$b40$c20130705$lBLL01$h0959
=CAT  \\$a8157$b40$c20130710$lBLL01$h0906
=CAT  \\$a8157$b40$c20130712$lBLL01$h1013
=CAT  \\$a8157$b40$c20130712$lBLL01$h1050
=CAT  \\$aWR13.117$c20130718$lBLL01$h1857
=CAT  \\$a6470$b40$c20160405$lBLL01$h1449
=CAT  \\$a6470$b40$c20160407$lBLL01$h1105
=CAT  \\$aW1606-1753$c20171028$lBLL01$h1330
=CAT  \\$aW2308-1659$c20230923$lBLL01$h1056
=FIN  \\$aY$d20100709
=SRC  \\$aBLL02
=LAS  \\$aW2308-1659$b00$c20230923$lBLL01$h1056

