=LDR  01791pam a2200505 i 4500
=001  015589408
=003  Uk
=005  20150226130318.0
=008  100430s2014\\\\enk\\\\\\b\\\\000|1\eng|d
=015  \\$aGBB078648$2bnb
=016  7\$a015589408$2Uk
=020  \\$a9780946162789 (pbk.) :$c£12.95
=020  \\$a0946162786 (pbk.) :$c£12.95
=040  \\$aStDuBDS$beng$cStDuBDS$dUk$erda
=041  1\$aeng$hgre
=042  \\$aukblsr
=082  04$a889.332$222
=100  1\$aTheotokēs, Kōnstantinos,$d1872-1923,$eauthor.
=240  10$aOi sklavoi sta desma tous.$lEnglish
=245  10$aSlaves in their chains /$cKonstantinos Theotokis ; translated from the Greek with an introduction and notes by J.M.Q. Davies.
=264  \1$aLondon :$bAngel Books,$c2014.
=300  \\$a252 pages ;$c22 cm.
=336  \\$atext$2rdacontent
=337  \\$aunmediated$2rdamedia
=338  \\$avolume$2rdacarrier
=490  0\$aAngel classics
=500  \\$aFormerly CIP.$5Uk
=504  \\$aIncludes bibliographical references.
=650  \0$aSocial classes$zGreece$zCorfu Island$vFiction.
=650  \0$aAvarice$vFiction.
=651  \0$aCorfu Island (Greece)$xSocial life and customs$vFiction.
=700  1\$aDavies, J. M. Q.,$etranslator.
=852  41$aBritish Library$bHMNTS$jH.2015/.5979
=859  \\$aXLD$bdatasets
=CAT  \\$aBATCH-CIPN$b00$c20100629$lBLL01$h1701
=CAT  \\$aBATCH-UPD$b00$c20101104$lBLL01$h2348
=CAT  \\$a10812$b40$c20140611$lBLL01$h1544
=CAT  \\$a10812$b40$c20140611$lBLL01$h1545
=CAT  \\$a9671$b40$c20150226$lBLL01$h1303
=CAT  \\$aWR16_021$c20160628$lBLL01$h1807
=CAT  \\$aBATCH-CORR$c20160706$lBLL01$h1110
=CAT  \\$aW1606-1753$c20171028$lBLL01$h1330
=FIN  \\$aY$d20150226
=FMT  \\$a  BK
=LAS  \\$aW1606-1753$b00$c20171028$lBLL01$h1330

