=LDR  03034cas a2200745 a 4500
=001  015769768
=003  Uk
=005  20230210010947.0
=007  ta
=008  110311c20109999enkmr\p\\\\\\\0\\\a0eng\\
=FMT  \\$a  SE
=015  \\$aGBB133139$2bnb
=022  0\$a2053-308X$202
=040  \\$aUk$beng$cUk
=042  \\$aukblsr$aissnuk
=082  04$a790.094244$222
=222  \0$aWorcestershire what's on
=245  00$aWorcestershire what's on.
=246  30$aWhat's on
=260  \\$aShrewsbury :$bWhat's On Magazine Group
=300  \\$av. :$bcol. ill., col. ports. ;$c30 cm.
=310  \\$aMonthly
=336  \\$atext$2rdacontent
=337  \\$aunmediated$2rdamedia
=338  \\$avolume$2rdacarrier
=362  1\$aBegan in 2010?
=500  \\$a"The Midlands essential entertainment guide".
=515  \\$aTitle began in 2010 but numbering follows that of other titles in the "Midlands what's on / What's on live" group of titles.
=588  \\$aDescription based on: Issue 302 (Feb. 2011).
=540  \\$aCurrent Copyright Fee: GBP25.00$c0$5Uk
=650  \0$aEntertainment events$zEngland$zWorcestershire$vPeriodicals.
=650  \0$aRecreation$vPeriodicals.
=651  \0$aWorcestershire (England)$xSocial life and customs$vPeriodicals.
=859  \\$aXLD$bdatasets
=852  41$aBritish Library$bHMNTS$jZK.9.b.28979$3Issue 302 (Feb. 2011)-
=CAT  \\$a10973$b40$c20110311$lBLL01$h1414
=CAT  \\$a10973$b40$c20110311$lBLL01$h1415
=CAT  \\$a7152$b40$c20130724$lBLL01$h1423
=CAT  \\$aWR13.117$c20130728$lBLL01$h1335
=CAT  \\$aWR13.117$c20130728$lBLL01$h1338
=CAT  \\$aBATCH-CLA$b00$c20131129$lBLL01$h1650
=CAT  \\$aIPL-CLA$c20140101$lBLL01$h0143
=CAT  \\$aBATCH-CLA$b00$c20161130$lBLL01$h1645
=CAT  \\$aIPL-CLA$c20161230$lBLL01$h2352
=CAT  \\$aW1606-1753$c20171028$lBLL01$h1330
=CAT  \\$aBATCH-CLA$b00$c20171130$lBLL01$h1708
=CAT  \\$aIPL-CLA$c20171231$lBLL01$h1806
=CAT  \\$aBATCH-CLA$b00$c20191129$lBLL01$h1623
=CAT  \\$aIPL-CLA$c20191231$lBLL01$h2027
=CAT  \\$aBATCH-CLA$b00$c20201126$lBLL01$h1412
=CAT  \\$aIPL-CLA$c20201231$lBLL01$h2327
=CAT  \\$aBATCH-CLA$b00$c20221130$lBLL01$h1441
=CAT  \\$aIPL-CLA$c20221231$lBLL01$h2303
=CAT  \\$aBATCH-CLA$b00$c20230209$lBLL01$h1528
=CAT  \\$aIPL-CLA$c20230210$lBLL01$h0109
=CFI  0\$aCurrent Copyright Fee: GBP25.00$c0$e09-feb-2023$fGBP25.00$g0$hC$5Uk
=CFI  2\$aBritish Library not licensed to copy$c0$e01-jan-2023$hC$iCFP Excluded$5Uk
=FIN  \\$aY$d20110311
=TCO  \\$aCLA$bCLA$c008
=ACF  \\$aPrevious Copyright Fee: GBP12.30$c0$e01-jan-2014$fGBP12.30$g0$hC$5Uk
=ACF  \\$aPrevious Copyright Fee: GBP15.00$c0$e01-jan-2017$fGBP15.00$g0$hC$5Uk
=ACF  \\$aPrevious Copyright Fee: GBP17.50$c0$e01-jan-2018$fGBP17.50$g0$hC$5Uk
=ACF  \\$aPrevious Copyright Fee: GBP20.00$c0$e01-jan-2020$fGBP20.00$g0$hC$5Uk
=ACF  \\$aPrevious Copyright Fee: GBP22.50$c0$e01-jan-2021$fGBP22.50$g0$hC$5Uk
=LAS  \\$aIPL-CLA$b00$c20230210$lBLL01$h0109

