=LDR  01838 am a22004577a 4500
=001  015811171
=003  Uk
=005  20130311175305.0
=008  061019s2006\\\\gr\a\\\\\b\\\\001\0\greod
=020  \\$a9789608353503 (pbk.)
=020  \\$a9608353505 (pbk.)
=035  \\$a(OCoLC)76916093
=040  \\$aUk$beng$cUk$dUk
=041  0\$agre$beng
=042  \\$aukblsr
=050  \4$aDF504.5$b.L654 2006
=100  1\$aLolitsas, Kōnstantinos D
=245  14$aHē politikē philosophia tēs paideias stēn teleutaia vyzantinē anagennēsē tou 14 aiōna kai ho Thōmas Magistros =$bThe politics philosophy of education during the last byzantine regeneration and Thomas Magistros (XV century) /$cKōnstantinos D. Lolitsas.
=246  31$aThe politics philosophy of education during the last byzantine regeneration and Thomas Magistros (XV century)
=260  \\$aThessalonikē :$bEkdotikos Oikos Ant. Stamoulē,$c2006.
=300  \\$a252 p. :$bill. ;$c24 cm.
=336  \\$atext$2rdacontent
=337  \\$aunmediated$2rdamedia
=338  \\$avolume$2rdacarrier
=504  \\$aIncludes bibliographical references (p. 227-244) and index.
=546  \\$aSummary in English.
=600  00$aThōmas,$cMagistros,$dactive 1310-1327.
=650  \0$aEducation$zByzantine Empire$xHistory.
=650  \0$aPolitical science$xPhilosophy$xEarly works to 1800.
=852  41$aBritish Library$bHMNTS$jYF.2013.a.5966
=859  \\$aXLD$bdatasets
=985  \\$aRecord amended for WR# 13/070
=CAT  \\$a3563$b40$c20110519$lBLL01$h1619
=CAT  \\$a3513$b40$c20130311$lBLL01$h1753
=CAT  \\$aWR13_070$b00$c20130504$lBLL01$h0331
=CAT  \\$aWR13.117$c20130718$lBLL01$h1857
=CAT  \\$aW1606-1753$c20171028$lBLL01$h1330
=FIN  \\$aY$d20130311
=FMT  \\$a  BK
=LAS  \\$aW1606-1753$b00$c20171028$lBLL01$h1330
=SID  \\$aZ39$bOCLC

