=LDR  01538pam a2200457 a 4500
=001  015946958
=003  Uk
=005  20130215121928.0
=008  111006s2012\\\\ilua\\\\\b\\\\001\0\eng\d
=015  \\$aGBB1B8407$2bnb
=016  7\$a015946958$2Uk
=020  \\$a9780736095273 (pbk.) :$c£32.99
=020  \\$a0736095276 (pbk.) :$c£32.99
=040  \\$aStDuBDS$beng$cStDuBDS$dUk
=042  \\$aukblcatcopy
=082  04$a617.1027$223
=100  1\$aKeil, Anne,$d1967-
=245  10$aStrap taping for sports and rehabilitation /$cAnne Keil.
=260  \\$aChampaign, Ill. :$bHuman Kinetics,$c[2012]
=300  \\$axii, 171 pages :$billustrations ;$c29 cm +$e1 DVD-ROM.
=336  \\$atext$2rdacontent
=337  \\$aunmediated$2rdamedia
=338  \\$avolume$2rdacarrier
=500  \\$a1 DVD-ROM in pocket inside back cover.
=500  \\$aFormerly CIP.$5Uk
=504  \\$aIncludes bibliographical references and index.
=650  \0$aSports injuries$xTreatment.
=650  \0$aSports physical therapy.
=650  \0$aBandages and bandaging.
=650  \0$aOrthopedic braces.
=852  41$aBritish Library$bHMNTS$jEMC.2012.b.178
=859  \\$aXLD$bdatasets
=CAT  \\$aBATCH-CIPN$b00$c20111011$lBLL01$h1701
=CAT  \\$a10876$b40$c20120308$lBLL01$h1106
=CAT  \\$a6632$b40$c20130215$lBLL01$h1219
=CAT  \\$aWR13.117$c20130718$lBLL01$h1857
=CAT  \\$aWR16_021$c20160702$lBLL01$h1821
=CAT  \\$aW1606-1753$c20171028$lBLL01$h1342
=FIN  \\$aY$d20120308
=FMT  \\$a  BK
=LAS  \\$aW1606-1753$b00$c20171028$lBLL01$h1342

