=LDR  01992pam a2200565 i 4500
=001  015955736
=003  Uk
=005  20130530140735.0
=008  120917s2012\\\\enk\\\\\\\\\\\000\1\eng\\
=010  \\$a  2012451490
=015  \\$aGBB1C4016$2bnb
=016  7\$a015955736$2Uk
=020  \\$a9780857201928 (cased) :$c£14.99
=020  \\$a0857201921 (cased) :$c£14.99
=020  \\$a9780857201935 (pbk.)
=020  \\$z9780857201942 (e-book)
=040  \\$aStDuBDS$beng$cStDuBDS$dUk$erda
=041  1\$aeng$hspa
=042  \\$aukblcatcopy
=050  00$aPQ7298.12.E68$bM6613 2012b
=082  04$a863.7$223
=100  1\$aBerman, Sabina.
=240  10$aMujer que buceó dentro del corazón del mundo.$lEnglish
=245  14$aThe woman who dived into the heart of the world /$cSabina Berman ; translated by Lisa Dillman.
=264  \1$aLondon :$bSimon & Schuster, a CBS Company,$c2012.
=300  \\$a369 pages ;$c24 cm
=336  \\$atext$2rdacontent
=337  \\$aunmediated$2rdamedia
=338  \\$avolume$2rdacarrier
=500  \\$aFormerly CIP.$5Uk
=530  \\$aAlso issued online.
=546  \\$aText in English; translated from the Spanish.
=650  \0$aAutistic children$vFiction.
=650  \0$aTuna fisheries$zMexico$vFiction.
=650  \0$aSwimming$xPsychological aspects$vFiction.
=700  1\$iTranslation of:$aBerman, Sabina.$tMujer que buceó dentro del corazón del mundo.
=852  41$aBritish Library$bHMNTS$jNov.2013/1837
=859  \\$aXLD$bdatasets
=CAT  \\$aBATCH-CIPN$b00$c20111025$lBLL01$h1700
=CAT  \\$a8479$b40$c20121112$lBLL01$h1234
=CAT  \\$a9657$b40$c20130530$lBLL01$h1407
=CAT  \\$aWR13.117$c20130718$lBLL01$h1857
=CAT  \\$aWR16_021$c20160702$lBLL01$h1823
=CAT  \\$aBATCH-UPD$b00$c20160702$lBLL01$h2104
=CAT  \\$aW1606-1753$c20171028$lBLL01$h1342
=CAT  \\$aBATCH-UPD$b00$c20171028$lBLL01$h1345
=FIN  \\$aY$d20130530
=FMT  \\$a  BK
=LAS  \\$aBATCH-UPD$b00$c20171028$lBLL01$h1345
=SRC  \\$aBLL02

