=LDR  02070pam a2200565 i 4500
=001  015956021
=003  Uk
=005  20130703133912.0
=008  111024s2012\\\\enka\\\\\\\\\|001\0|eng\d
=015  \\$aGBB1C4301$2bnb
=016  7\$a015956021$2Uk
=020  \\$a9781449394707 (paperback) :$c£36.00
=020  \\$a1449394701 (paperback) :$c£36.00
=040  \\$aStDuBDS$beng$cStDuBDS$dUk$erda
=042  \\$aukblsr
=082  04$a005.133$223
=100  1\$aEmerick, Chas,$eauthor.
=245  10$aClojure programming /$cChas Emerick, Brian Carper, and Christophe Grand ; editors, Mike Loukides and Julie Steele.
=250  \\$aFirst edition.
=264  \1$aBeijing :$bO'Reilly,$cApril 2012.
=300  \\$axviii, 607 pages :$billustrations (black and white) ;$c24 cm
=336  \\$atext$2rdacontent
=337  \\$aunmediated$2rdamedia
=338  \\$avolume$2rdacarrier
=500  \\$a"Practical Lisp for the Java world"--cover.
=500  \\$aIncludes index.
=500  \\$aFormerly CIP.$5Uk
=650  \0$aClojure (Computer program language)
=650  \0$aJava (Computer program language)
=650  \0$aFunctional programming (Computer science)
=700  1\$aCarper, Brian,$eauthor.
=700  1\$aGrand, Christophe,$eauthor.
=700  1\$aLoukides, Michael Kosta,$eeditor.
=700  1\$aSteele, Julie$c(Graphic designer),$eeditor.
=852  41$aBritish Library$bHMNTS$jYK.2013.a.14675
=859  \\$aXLD$bdatasets
=CAT  \\$aBATCH-CIPN$b00$c20111025$lBLL01$h1701
=CAT  \\$aBATCH-CIPC$b00$c20111220$lBLL01$h1701
=CAT  \\$aBATCH-CIPC$b00$c20120207$lBLL01$h1702
=CAT  \\$aBATCH-CIPC$b00$c20120508$lBLL01$h1701
=CAT  \\$a11029$b40$c20120613$lBLL01$h1453
=CAT  \\$a10775$b40$c20130522$lBLL01$h1409
=CAT  \\$a8962$b40$c20130703$lBLL01$h1339
=CAT  \\$aWR13.117$c20130718$lBLL01$h1857
=CAT  \\$aWR16_021$c20160702$lBLL01$h1823
=CAT  \\$aBATCH-UPD$b00$c20160702$lBLL01$h2105
=CAT  \\$aW1606-1753$c20171028$lBLL01$h1342
=FIN  \\$aY$d20130522
=FMT  \\$a  BK
=LAS  \\$aW1606-1753$b00$c20171028$lBLL01$h1342

