=LDR  02196 am a2200517 i 4500
=001  016062028
=003  Uk
=005  20121219151926.0
=008  120403s2012\\\\enka\\\\\b\\\\000\0\eng\\
=FMT  \\$a  BK
=015  \\$aGBB2C8745$2bnb
=016  7\$a016062028$2Uk
=040  \\$aUk$beng$cUk$erda
=042  \\$aukblsr
=082  04$a338.260151$223
=100  1\$aKönig, Michael D.,$eauthor.
=245  10$aInnovation vs imitation and the evolution of productivity distributions /$cMichael König, SIEPR, Stanford University, Jan Lorenz, Carl-von-Ossietzky University Oldenburg, Fabrizio Zilibotti, University of Zurich and CEPR.
=264  \1$aLondon (77 Bastwick Street, London EC1V 3PZ) :$bCentre for Economic Policy Research,$cFebruary 2012.
=300  \\$a48 pages :$billustrations (black and white) ;$c21 cm.
=336  \\$atext$2rdacontent
=337  \\$aunmediated$2rdamedia
=338  \\$avolume$2rdacarrier
=490  1\$aDiscussion paper series,$x0265-8003 ;$vno. 8843
=500  \\$a"International macroeconomics"--Cover.
=504  \\$aIncludes bibliographical references.
=530  \\$aAvailable online at: www.cepr.org/pubs/dps/DP8843.asp.
=650  \0$aIndustrial productivity$xEconometric models.
=650  \0$aTechnological innovations$xEconometric models.
=690  7\$aManagement and Business Studies$2blcoll
=700  1\$aLorenz, Jan,$d1976-$eauthor.
=700  1\$aZilibotti, Fabrizio,$eauthor.
=710  2\$aCentre for Economic Policy Research (Great Britain)
=830  \0$aDiscussion paper (Centre for Economic Policy Research (Great Britain)),$x0265-8003 ;$vno. 8843.
=859  \\$aXLD$bdatasets
=852  41$aBritish Library$bHMNTS$jYK.2012.a.32176
=CAT  \\$a11029$b40$c20120403$lBLL01$h0953
=CAT  \\$a11029$b40$c20120403$lBLL01$h0955
=CAT  \\$a9671$b40$c20121219$lBLL01$h1450
=CAT  \\$a8964$b40$c20121219$lBLL01$h1519
=CAT  \\$aBATCH-UPD$b40$c20121219$lBLL01$h1520
=CAT  \\$aBATCH-MBS$c20130104$lBLL01$h2151
=CAT  \\$aWR13.117$c20130718$lBLL01$h1857
=CAT  \\$aWR16_021$c20160704$lBLL01$h1806
=CAT  \\$aW1606-1753$c20171028$lBLL01$h1342
=FIN  \\$aY$d20121219
=LAS  \\$aW1606-1753$b00$c20171028$lBLL01$h1342

