=LDR  01480 am a2200397 i 4500
=001  016064308
=003  Uk
=005  20130903174442.0
=008  120817s2011\\\\ag\\\\\\\\\\\\000\d\spa\d
=FMT  \\$a  BK
=020  \\$a9789507869266 (pbk.)
=040  \\$aUk$beng$cUk$erda
=042  \\$aukblsr
=100  1\$aCascallar, Nené,$d1914-1982,$eauthor.
=245  13$aEl amor tiene cara de mujer /$cNené Cascallar ; prólogo: Sergio Vainman ; editoras literarias: Lucía Laragione, Ana Ferrer.
=264  \1$aCiudad Autónoma de Buenos Aires, Argentina :$bEditorial Biblos,$c[2011]
=300  \\$a51 pages ;$c23 cm.
=336  \\$atext$2rdacontent
=337  \\$aunmediated$2rdamedia
=338  \\$avolume$2rdacarrier
=490  0\$aClásicos de Argentores ;$v5.$aTelevisión
=700  1\$aLaragione, Lucía,$eeditor.
=700  1\$aFerrer, Ana$c(Literary editor),$eeditor.
=710  2\$aSociedad General de Autores de la Argentina.
=859  \\$aXLD$bdatasets
=852  41$aBritish Library$bHMNTS$jYF.2013.a.16587
=CAT  \\$a8197$b40$c20120405$lBLL01$h1056
=CAT  \\$a5521$b40$c20130524$lBLL01$h1624
=CAT  \\$a5521$b40$c20130605$lBLL01$h0804
=CAT  \\$aWR13.117$c20130718$lBLL01$h1857
=CAT  \\$a11342$b40$c20130903$lBLL01$h1744
=CAT  \\$aBATCH-UPD$b40$c20130906$lBLL01$h2034
=CAT  \\$aBATCH-UPD$b40$c20130913$lBLL01$h2310
=CAT  \\$aW1606-1753$c20171028$lBLL01$h1342
=FIN  \\$aY$d20130524
=LAS  \\$aW1606-1753$b00$c20171028$lBLL01$h1342

