=LDR  01406pam a2200445 i 4500
=001  016073307
=003  Uk
=005  20131002082034.0
=008  120419s2013\\\\enka\\\\\\\\\\000\1\eng|d
=FMT  \\$a  BK
=015  \\$aGBB240896$2bnb
=016  7\$a016073307$2Uk
=020  \\$a9781849165051 (HB) :$c£18.99
=020  \\$a184916505X (HB) :$c£18.99
=020  \\$a9781849165068 (TPB)
=020  \\$z9781849166638 (EBOOK)
=040  \\$aStDuBDS$beng$cStDuBDS$dUk$erda
=042  \\$aukblsr
=082  04$a823.92$223
=100  1\$aRees, Rod,$d1948-$eauthor.
=245  14$aThe demi-monde.$pSummer /$cRod Rees.
=246  30$aSummer
=264  \1$aLondon :$bJo Fletcher Books,$c2013.
=300  \\$axvi, 528 pages :$billustrations (black and white) ;$c25 cm
=336  \\$atext$2rdacontent
=337  \\$aunmediated$2rdamedia
=338  \\$avolume$2rdacarrier
=530  \\$aAlso available online.
=500  \\$aFormerly CIP.$5Uk
=655  \0$aFantasy fiction.
=859  \\$aXLD$bdatasets
=852  41$aBritish Library$bHMNTS$jNov.2013/2356
=CAT  \\$aBATCH-CIPN$b00$c20120424$lBLL01$h1701
=CAT  \\$a6829$b40$c20130225$lBLL01$h1122
=CAT  \\$aWR13.117$c20130718$lBLL01$h1857
=CAT  \\$a9671$b40$c20131002$lBLL01$h0820
=CAT  \\$aWR16_021$c20160704$lBLL01$h1807
=CAT  \\$aW1606-1753$c20171028$lBLL01$h1342
=FIN  \\$aY$d20131002
=LAS  \\$aW1606-1753$b00$c20171028$lBLL01$h1342

