=LDR  01593 am a2200421 a 4500
=001  016075663
=003  Uk
=005  20130114182302.0
=008  110930s2011\\\\gr\\\\\\\b\\\\001\0\gre\c
=FMT  \\$a  BK
=010  \\$a  2011520319
=020  \\$a9789609527248 (pbk.)
=020  \\$a9609527248 (pbk.)
=035  \\$a(OCoLC)ocn759991552
=040  \\$aUk$beng$cUk$dUk
=042  \\$apcc
=050  00$aBL51$b.G46 2011
=100  1\$aGiannaras, Chrēstos,$d1935-
=245  10$aHexi philosophikes zōgraphies /$cChrēstos Giannaras.
=260  \\$aAthēna :$bIkaros,$c2011.
=300  \\$a305 p. ;$c25 cm.
=336  \\$atext$2rdacontent
=337  \\$aunmediated$2rdamedia
=338  \\$avolume$2rdacarrier
=500  \\$a"Ekomisa eis tēn Technēn"--T.p.
=504  \\$aIncludes bibliographical references and index.
=505  0\$aHē koinōnikē epalētheusē tēs gnōsēs -- Tomē: hē kritikē ontologia -- Ontologia tēs technēs, hoi energeies -- Parenthesē, hōs mē hōphele, amyntikē -- Empeirikos realismos tēs metaphysikēs -- To adiarrēkto philosophias kai metaphysikēs -- Hellada kai Dysē: hē diaphora.
=650  \0$aPhilosophy and religion.
=650  \0$aPhilosophy, Modern.
=859  \\$aXLD$bdatasets
=852  41$aBritish Library$bHMNTS$jYF.2013.a.1360
=CAT  \\$a3563$b40$c20120430$lBLL01$h1611
=CAT  \\$a3513$b40$c20130114$lBLL01$h1823
=CAT  \\$aWR13.117$c20130718$lBLL01$h1857
=CAT  \\$aW1606-1753$c20171028$lBLL01$h1342
=FIN  \\$aY$d20130114
=SRC  \\$aBLL02
=LAS  \\$aW1606-1753$b00$c20171028$lBLL01$h1342

