=LDR  01472 am a22004097a 4500
=001  016089395
=003  Uk
=005  20121115145758.0
=008  120217s2012\\\\gr\\\\\\\\\\\\000\0\greo\
=FMT  \\$a  BK
=010  \\$a2012407188
=020  \\$a9789605243548 (pbk.)
=035  \\$a(GrAtO)oi22749
=040  \\$aUk$beng$cUk$dUk
=042  \\$apcc
=043  \\$ae-gr---
=100  1\$aSakellariou, M. V.
=245  14$aHē apovasē tou Impraēm stēn Peloponnēso katalytēs gia tēn apodiorganōsē tēs Hellēnikēs Epanastasēs :$b24 Phevrouariou-23 Maiou 1825 /$cMichaēl V. Sakellariou.
=260  \\$aHērakleio :$bPanepistēmiakes Ekdoseis Krētēs,$c2012.
=300  \\$a462 p. ;$c24 cm.
=336  \\$atext$2rdacontent
=337  \\$aunmediated$2rdamedia
=338  \\$avolume$2rdacarrier
=500  \\$aIncludes index (p. 447-462).
=504  \\$aIncludes bibliographical references.
=651  \0$aGreece$xHistory$yWar of Independence, 1821-1829$xCampaigns.
=600  00$aIbrāhīm,$cPasha,$d1789-1848.
=651  \0$aPeloponnesus (Greece)$xHistory, Military$y19th century.
=859  \\$aXLD$bdatasets
=852  41$aBritish Library$bHMNTS$jYF.2012.a.31819
=CAT  \\$a3563$b40$c20120521$lBLL01$h1157
=CAT  \\$a3513$b40$c20121115$lBLL01$h1457
=CAT  \\$aWR13.117$c20130718$lBLL01$h1857
=CAT  \\$aW1606-1753$c20171028$lBLL01$h1342
=FIN  \\$aY$d20121115
=SID  \\$aZ39$bLOC
=LAS  \\$aW1606-1753$b00$c20171028$lBLL01$h1342

