=LDR  01547pam a2200457 a 4500
=001  016099616
=003  Uk
=005  20121113174555.0
=008  120528s2012\\\\enka\\\\\\\\\\001\0\eng\d
=FMT  \\$a  BK
=015  \\$aGBB255498$2bnb
=016  7\$a016099616$2Uk
=020  \\$a9781849087995 (pbk.) :$c£11.99
=020  \\$a1849087997 (pbk.) :$c£11.99
=020  \\$z9781849088008 (PDF ebk.)
=020  \\$z9781780968995 (ePub ebk.)
=040  \\$aStDuBDS$beng$cStDuBDS$dUk
=042  \\$aukblsr
=082  04$a359.96140973$223
=100  1\$aEward, Kenneth.
=245  10$aUS Marine infantry combat uniforms and equipment 2000-2012 /$cJ. Kenneth Eward ; series editor Martin Windrow.
=260  \\$aOxford :$bOsprey,$c2012.
=300  \\$a64 p. :$bill. (chiefly col.) ;$c25 cm.
=336  \\$atext$2rdacontent
=337  \\$aunmediated$2rdamedia
=338  \\$avolume$2rdacarrier
=490  0\$aElite ;$v190
=500  \\$aIncludes index.
=500  \\$aFormerly CIP.$5Uk
=610  10$aUnited States.$bMarine Corps$xUniforms.
=610  10$aUnited States.$bMarine Corps$xEquipment and supplies.
=859  \\$aXLD$bdatasets
=852  41$aBritish Library$bHMNTS$jYK.2012.a.29530
=CAT  \\$aBATCH-CIPN$b00$c20120605$lBLL01$h1700
=CAT  \\$a11012$b40$c20121112$lBLL01$h1144
=CAT  \\$a6916$b40$c20121113$lBLL01$h1745
=CAT  \\$aWR13.117$c20130718$lBLL01$h1857
=CAT  \\$aWR16_021$c20160705$lBLL01$h1804
=CAT  \\$aW1606-1753$c20171028$lBLL01$h1342
=FIN  \\$aY$d20121113
=LAS  \\$aW1606-1753$b00$c20171028$lBLL01$h1342

