=LDR  01559 am a2200481 a 4500
=001  016110023
=003  Uk
=005  20130105113255.0
=008  110622s2011\\\\sw\b\\\\\b\\\\000\0\swe\d
=FMT  \\$a  BK
=020  \\$a9186297279
=020  \\$a9789186297275
=035  \\$a(OCoLC)750672131
=040  \\$aDE-604$bger$cDEBBG$dS3O$dUk$erakwb
=041  1\$aswe$hfin
=042  \\$aukblsr
=084  \\$a7,41$2ssgn
=084  \\$a8$2ssgn
=100  10$aVilkuna, Kustaa H. J.
=245  10$aDjävulens krig :$bförrädaren Gustav Lillbäck och stora nordiska kriget 1700 - 1721 /$cKustaa H. J. Vilkuna.
=260  \\$aLund :$bHistoriska media,$c2011.
=300  \\$a334 p. :$b1 map ;$c24 cm.
=336  \\$atext$2rdacontent
=337  \\$aunmediated$2rdamedia
=338  \\$avolume$2rdacarrier
=504  \\$aIncludes bibliographical references.
=546  \\$aTranslated from Finnish.
=650  \0$aNorthern War, 1700-1721.
=651  \0$aFinland$xHistory$y18th century.
=651  \0$aFinland$xRelations$zRussia.
=651  \0$aRussia$xRelations$zFinland.
=650  \7$aStora nordiska kriget 1700-1721.$2sao
=730  0\$aPaholaisen sota.$lschwed.
=859  \\$aXLD$bdatasets
=852  41$aBritish Library$bHMNTS$jYF.2013.a.968
=985  \\$a100 = new heading
=CAT  \\$a8149$b40$c20120625$lBLL01$h1327
=CAT  \\$a8256$b40$c20130105$lBLL01$h1132
=CAT  \\$aWR13.117$c20130718$lBLL01$h1857
=CAT  \\$aW1606-1753$c20171028$lBLL01$h1342
=FIN  \\$aY$d20130105
=SID  \\$aZ39$bOCLC
=LAS  \\$aW1606-1753$b00$c20171028$lBLL01$h1342

