=LDR  02062pam a2200589 a 4500
=001  016126517
=003  Uk
=005  20130207105921.0
=008  120716s2012\\\\enka\\\\\b\\\\001\0\eng\d
=FMT  \\$a  BK
=015  \\$aGBB270092$2bnb
=016  7\$a016126517$2Uk
=020  \\$a9780335245093 (pbk.) :$c£26.99
=020  \\$a0335245099 (pbk.) :$c£26.99
=020  \\$z9780335245109 (ebook) :$c£32.39
=020  \\$z0335245102 (ebook) :$c£32.39
=040  \\$aStDuBDS$beng$cStDuBDS$dUk
=042  \\$aukblcatcopy
=082  04$a362.76$223
=100  10$aCorby, Brian.
=245  10$aChild abuse :$ban evidence base for confident practice.
=250  \\$a4th ed. /$bBrian Corby, David Shemmings and David Wilkins.
=260  \\$aMaidenhead :$bOpen University Press,$c2012.
=300  \\$axii, 286 p. :$bill. ;$c24 cm.
=336  \\$atext$2rdacontent
=337  \\$aunmediated$2rdamedia
=338  \\$avolume$2rdacarrier
=500  \\$aPrevious ed.: published as by Brian Corby. 2006.
=504  \\$aIncludes bibliographical references and index.
=500  \\$aFormerly CIP.$5Uk
=650  \0$aChild abuse$zGreat Britain.
=650  \0$aChild abuse$xLaw and legislation$zGreat Britain.
=690  7\$aSocial Welfare$2blcoll
=700  1\$aShemmings, David.
=700  1\$aWilkins, David$c(Social work writer)
=859  \\$aXLD$bdatasets
=852  41$aBritish Library$bHMNTS$jSPIS362.76
=CAT  \\$aBATCH-CIPN$b00$c20120717$lBLL01$h1700
=CAT  \\$aBATCH-CIPC$b00$c20120724$lBLL01$h1701
=CAT  \\$a5004$b40$c20130129$lBLL01$h1204
=CAT  \\$a10883$b40$c20130130$lBLL01$h1204
=CAT  \\$a11306$b40$c20130207$lBLL01$h1059
=CAT  \\$aBATCH-SWP$c20130216$lBLL01$h0011
=CAT  \\$aWR13.117$c20130718$lBLL01$h1857
=CAT  \\$aWR16_021$c20160705$lBLL01$h1808
=CAT  \\$aBATCH-UPD$b00$c20160705$lBLL01$h1858
=CAT  \\$aW1606-1753$c20171028$lBLL01$h1342
=CAT  \\$a7416$b40$c20180327$lBLL01$h1129
=EXP  \\$aX$d20130602
=FIN  \\$aY$d20130130
=SRC  \\$aBDZ$bblihback
=LAS  \\$a7416$b40$c20180327$lBLL01$h1129

