=LDR  01599pam a2200469 a 4500
=001  016135225
=003  Uk
=005  20140108154218.0
=008  120726s2012\\\\enka\\\\\b\\\\001\0\eng|d
=FMT  \\$a  BK
=015  \\$aGBB274479$2bnb
=016  7\$a016135225$2Uk
=020  \\$a9780273777731 (pbk.) :$c£12.99
=020  \\$a0273777734 (pbk.) :$c£12.99
=020  \\$z9780273778509 (PDF)
=020  \\$z9780273778493 (ePub)
=040  \\$aStDuBDS$beng$cStDuBDS$dUk
=042  \\$aukblcatcopy
=082  04$a616.891425$223
=100  1\$aBriers, Stephen,$d1965-
=245  10$aBrilliant cognitive behavioural therapy :$bhow to use CBT to improve your mind and your life /$cStephen Briers.
=250  \\$a2nd ed.
=260  \\$aHarlow :$bPearson,$c2012.
=300  \\$a284 pages :$billustrations ;$c22 cm
=336  \\$atext$2rdacontent
=337  \\$aunmediated$2rdamedia
=338  \\$avolume$2rdacarrier
=490  0\$athe brilliant series
=500  \\$aPrevious ed.: Harlow: Pearson Prentice Hall, 2009.
=504  \\$aIncludes bibliographical references and index.
=500  \\$aFormerly CIP.$5Uk
=650  \0$aCognitive therapy$vPopular works.
=859  \\$aXLD$bdatasets
=852  41$aBritish Library$bHMNTS$jYK.2013.a.116
=CAT  \\$aBATCH-CIPN$b00$c20120731$lBLL01$h1700
=CAT  \\$a9592$b40$c20130102$lBLL01$h1126
=CAT  \\$aWR13.117$c20130718$lBLL01$h1857
=CAT  \\$a12666$b40$c20140108$lBLL01$h1542
=CAT  \\$aWR16_021$c20160706$lBLL01$h1802
=CAT  \\$aW1606-1753$c20171028$lBLL01$h1342
=FIN  \\$aY$d20140108
=LAS  \\$aW1606-1753$b00$c20171028$lBLL01$h1342

