=LDR  01528 am a2200433 a 4500
=001  016140699
=003  Uk
=005  20130122173828.0
=008  120307s2012\\\\gr\\\\\\\b\\\\001\0\greo\
=FMT  \\$a  BK
=010  \\$a  2012407166
=020  \\$a9789601641966 (pbk.)
=035  \\$a(GrAtO)oi22787
=040  \\$aUk$beng$cUk$dUk
=042  \\$apcc
=043  \\$aa-cy---$aaw-----$ae-gr---
=050  00$aDS54.8$b.S25 2012
=100  1\$aSakkas, Giannēs D.,$d1965-
=245  14$aHē Hellada, to Kypriako kai ho Aravikos kosmos 1947-1974 :$bdiplōmatia kai stratēgikē stē Mesogeio tēn epochē tou Psychrou Polemou /$cGiannēs D. Sakkas.
=260  \\$aAthēna :$bEkdoseis Patakē,$c2012.
=300  \\$a236 p. ;$c24 cm.
=336  \\$atext$2rdacontent
=337  \\$aunmediated$2rdamedia
=338  \\$avolume$2rdacarrier
=490  0\$aHistoria (Ekdoseis Patakē)
=504  \\$aIncludes bibliographical references (p. 217-227) and index.
=651  \0$aCyprus$xHistory$y20th century.
=651  \0$aMiddle East$xForeign relations$zGreece.
=651  \0$aGreece$xForeign relations$zMiddle East.
=651  \0$aMiddle East$xHistory$y20th century.
=859  \\$aXLD$bdatasets
=852  41$aBritish Library$bHMNTS$jYF.2013.a.3873
=CAT  \\$a3563$b40$c20120803$lBLL01$h1445
=CAT  \\$a3513$b40$c20130122$lBLL01$h1738
=CAT  \\$aWR13.117$c20130718$lBLL01$h1857
=CAT  \\$aW1606-1753$c20171028$lBLL01$h1342
=FIN  \\$aY$d20130122
=SRC  \\$aBLL02
=LAS  \\$aW1606-1753$b00$c20171028$lBLL01$h1342

