=LDR  01624 am a22004217i 4500
=001  016141311
=003  Uk
=005  20130131085413.0
=008  120530s2012\\\\enka\\\j\\\\\\000\0\eng\d
=FMT  \\$a  BK
=016  7\$a016141311$2Uk
=020  \\$a9781851034093 (hardback) :$c£7.99
=020  \\$a1851034099 (hardback) :$c£7.99
=040  \\$aUK-WkNB$beng$cUK-WkNB$dUk$erda
=082  04$a597$223
=100  1\$aDelafosse, Claude.
=245  10$aFish underwater /$cClaude Delafosse; Illustrated by Pierre de Hugo; Translated by Penelope Stanley-Baker.
=260  \\$aLondon :$bMoonlight Publishing Ltd :$b[distributor] BookSource :$b[distributor] Era Publications :$b[distributor] Wild Dog Press :$b[distributor] National Book Network,$c[2012]
=300  \\$a1 volume (unpaged) :$billustrations ;$c18x15 cm.
=336  \\$atext$2rdacontent
=336  \\$astill image$2rdacontent
=337  \\$aunmediated$2rdamedia
=338  \\$avolume$2rdacarrier
=490  0\$aMy first discoveries/Torchlight
=500  \\$aHardback with transparent pages and press-out paper torch.
=700  1\$ade Hugo, Pierre.
=700  1\$aStanley-Baker, Penelope.
=859  \\$aXLD$bdatasets
=852  41$aBritish Library$bHMNTS$jCLE.2013.a.46
=985  \\$aChildren's Literature Access Project
=CAT  \\$aBATCH-CMLD$b00$c20120804$lBLL01$h1723
=CAT  \\$a11029$b40$c20130131$lBLL01$h0854
=CAT  \\$aWR13.117$c20130718$lBLL01$h1857
=CAT  \\$aWR16_021$c20160706$lBLL01$h1803
=CAT  \\$aW1606-1753$c20171028$lBLL01$h1342
=FIN  \\$aY$d20130131
=SRC  \\$aNielsen Bookdata
=LAS  \\$aW1606-1753$b00$c20171028$lBLL01$h1342

