=LDR  01962cam a2200553 i 4500
=001  016182163
=003  Uk
=005  20140130115703.0
=008  120928s2013\\\\xxua\\\\\\\\\\001\0\eng|d
=FMT  \\$a  BK
=015  \\$aGBB299542$2bnb
=016  7\$a016182163$2Uk
=020  \\$a9781118435250 (paperback)
=020  \\$z9781118494172 (ebk.)
=020  \\$z9781118547779 (ebk.)
=020  \\$z9781118547717 (ebk.)
=040  \\$aStDuBDS$beng$cStDuBDS$dUk$erda
=042  \\$aukblsr
=082  04$a004.6$223
=100  1\$aLammle, Todd,$eauthor.
=245  10$aCCENT :$bCisco Certified Entry Networking Technician study guide /$cTodd Lammle.
=246  30$aCisco Certified Entry Networking Technician study guide
=250  \\$aSecond edition.
=264  \1$aIndianapolis, Indiana :$bJohn Wiley & Sons, Inc.,$c[2013]
=300  \\$axxxvi, 537 pages ; :$billustrations (black and white) ;$c17 cm
=336  \\$atext$2rdacontent
=336  \\$astill image$2rdacontent
=337  \\$aunmediated$2rdamedia
=338  \\$avolume$2rdacarrier
=500  \\$a"ICND1 exam 640-822"--cover.
=500  \\$aIncludes index.
=530  \\$aAlso issued online.
=500  \\$aFormerly CIP.$5Uk
=650  \0$aElectronic data processing personnel$xCertification.
=650  \0$aComputer networks$xExaminations$vStudy guides.
=859  \\$aXLD$bdatasets
=852  41$aBritish Library$bHMNTS$jYK.2014.a.2235
=CAT  \\$aBATCH-CIPN$b00$c20121002$lBLL01$h1700
=CAT  \\$aBATCH-UPD$b00$c20121002$lBLL01$h1708
=CAT  \\$a8479$b40$c20130306$lBLL01$h1447
=CAT  \\$aWR13.117$c20130718$lBLL01$h1857
=CAT  \\$a5883$b40$c20140130$lBLL01$h0949
=CAT  \\$a5883$b40$c20140130$lBLL01$h1157
=CAT  \\$aWR16_021$c20160706$lBLL01$h1810
=CAT  \\$aBATCH-UPD$b00$c20160706$lBLL01$h1918
=CAT  \\$aW1606-1753$c20171028$lBLL01$h1342
=CAT  \\$aBATCH-UPD$b00$c20230508$lBLL01$h2049
=FIN  \\$aY$d20140130
=LAS  \\$aBATCH-UPD$b00$c20230508$lBLL01$h2049

