=LDR  01147 am a2200349 a 4500
=001  016192503
=003  Uk
=005  20121108085931.0
=008  121017s2011\\\\ke\a\\\\\b\\\|0|0\0|eng\\
=FMT  \\$a  BK
=040  \\$aUk$beng$cUk
=042  \\$aukblsr
=245  00$aStrengthening gender research to improve girls' and womens' education in Africa.
=260  \\$a[Nairobi] :$bFAWE,$cc2011.
=300  \\$a148 p. :$bcol. ill. ;$c30 cm.
=336  \\$atext$2rdacontent
=337  \\$aunmediated$2rdamedia
=338  \\$avolume$2rdacarrier
=490  0\$aFAWE research series ;$vv. 1
=504  \\$aIncludes bibliographical references.
=650  \0$aGirls$xEducation$zAfrica.
=650  \0$aWomen$xEducation$zAfrica.
=650  \0$aEducation, Higher$zAfrica.
=710  2\$aForum for African Women Educationalists.
=859  \\$aXLD$bdatasets
=852  41$aBritish Library$bOC$jYP.2012.b.368
=CAT  \\$a5512$b40$c20121017$lBLL01$h1054
=CAT  \\$a5447$b40$c20121108$lBLL01$h0859
=CAT  \\$aWR13.117$c20130718$lBLL01$h1857
=CAT  \\$aW1606-1753$c20171028$lBLL01$h1342
=FIN  \\$aY$d20121108
=LAS  \\$aW1606-1753$b00$c20171028$lBLL01$h1342

