=LDR  01348pam a2200421 a 4500
=001  016199137
=003  Uk
=005  20131119094412.0
=008  121022s2013\\\\enka\\\\\\\\\\000\f\eng\d
=FMT  \\$a  BK
=015  \\$aGBB2A9148$2bnb
=016  7\$a016199137$2Uk
=020  \\$a9780715645154 (paperback) :$c£8.99
=020  \\$a9781468303346 (paperback) :$c£8.99
=040  \\$aStDuBDS$beng$cStDuBDS$dUk
=042  \\$aukblcatcopy
=082  04$a813.54$223
=100  1\$aBisson, Terry.
=245  10$aAny day now /$cTerry Bisson.
=260  \\$aLondon :$bDuckworth,$c2013.
=300  \\$a287 pages :$billustration ;$c21 cm.
=336  \\$atext$2rdacontent
=337  \\$aunmediated$2rdamedia
=338  \\$avolume$2rdacarrier
=500  \\$aFormerly CIP.$5Uk
=650  \0$aBeat generation$vFiction.
=651  \0$aUnited States$xHistory$y1961-1969$vFiction.
=859  \\$aXLD$bdatasets
=852  41$aBritish Library$bHMNTS$jH.2013/.9595
=CAT  \\$aBATCH-CIPN$b00$c20121030$lBLL01$h1700
=CAT  \\$a10849$b40$c20130423$lBLL01$h1356
=CAT  \\$a12323$b40$c20130423$lBLL01$h1506
=CAT  \\$aWR13.117$c20130718$lBLL01$h1857
=CAT  \\$a5375$b40$c20131119$lBLL01$h0943
=CAT  \\$a5375$b40$c20131119$lBLL01$h0944
=CAT  \\$aWR16_021$c20160707$lBLL01$h1804
=FIN  \\$aY$d20131119
=LAS  \\$aWR16_021$b00$c20160707$lBLL01$h1804

