=LDR  01945cam a2200505 i 4500
=001  016199967
=003  Uk
=005  20140310135110.0
=008  121026s2013\\\\enka\\\\\6\\\|0|0\1|eng|d
=FMT  \\$a  BK
=015  \\$aGBB2A9978$2bnb
=016  7\$a016199967$2Uk
=020  \\$a9781846535222 (paperback)
=040  \\$aStDuBDS$beng$cStDuBDS$dUk$erda
=042  \\$aukblsr
=082  04$a741.5$223
=100  1\$aAdams, Neal,$d1941-2022,$eauthor,$eartist.
=245  10$aChildren of the Atom /$cwriters, Neal Adams & Christos Gage ; pencils, Neal Adams ; inks, Neal Adams & Andrew Currie ; colourist, Matthew Wilson ; letters, Clayton Cowles ; assistant editor, Jordan D. White ; editor, Nick Lowe.
=264  \1$aTunbridge Wells :$bPanini,$c2013.
=300  \\$a1 volume (unpaged) :$bchiefly illustrations (colour) ;$c26 cm.
=336  \\$atext$2rdacontent
=336  \\$astill image$2rdacontent
=337  \\$aunmediated$2rdamedia
=338  \\$avolume$2rdacarrier
=490  0\$aThe First X-Men
=500  \\$aFormerly CIP.$5Uk
=650  \0$aX-Men (Fictitious characters)$vComic books, strips, etc.$vFiction.
=655  \0$aScience fiction comic books, strips, etc.
=700  1\$aGage, Christos,$eauthor.
=700  1\$aLowe, Nick,$d1979-$eeditor.
=700  1\$aWhite, Jordan D.,$eeditor.
=859  \\$aXLD$bdatasets
=852  41$aBritish Library$bHMNTS$jYK.2014.b.3310
=CAT  \\$aBATCH-CIPN$b00$c20121030$lBLL01$h1700
=CAT  \\$a10849$b40$c20130423$lBLL01$h1056
=CAT  \\$a10849$b40$c20130423$lBLL01$h1450
=CAT  \\$aWR13.117$c20130718$lBLL01$h1857
=CAT  \\$a11014$b40$c20140310$lBLL01$h1349
=CAT  \\$a11014$b40$c20140310$lBLL01$h1351
=CAT  \\$aWR16_021$c20160707$lBLL01$h1804
=CAT  \\$aBATCH-UPD$b00$c20160707$lBLL01$h1830
=CAT  \\$aW1606-1753$c20171028$lBLL01$h1342
=CAT  \\$aBATCH-UPD$b00$c20230828$lBLL01$h2205
=FIN  \\$aY$d20140310
=LAS  \\$aBATCH-UPD$b00$c20230828$lBLL01$h2205

