=LDR  01477 am a2200469 a 4500
=001  016200987
=003  Uk
=005  20121112083946.0
=008  110920s2012\\\\xxu\\\\\\b\\\|000\0|eng\d
=FMT  \\$a  BK
=020  \\$a9789211541922 (pbk.)
=020  \\$a9211541921 (pbk.)
=020  \\$z9789210551342 (eISBN)
=035  \\$a(OCoLC)754714147
=040  \\$aBTCTA$beng$cBTCTA$dUk
=042  \\$aukblsr
=082  04$a363.592$223$qUK-WkNB
=245  00$aWomen and the right to adequate housing.
=260  \\$aNew York :$bUnited Nations,$c2012.
=300  \\$aiv, 93 p. ;$c21 cm.
=336  \\$atext$2rdacontent
=337  \\$aunmediated$2rdamedia
=338  \\$avolume$2rdacarrier
=500  \\$aPublisher's no.: HR/PUB/11/02.
=504  \\$aIncludes bibliographical references.
=650  \0$aWomen's rights.
=650  \0$aWomen$xHousing.
=650  \0$aRight of property.
=690  7\$aSocial Welfare$2blcoll
=710  2\$aUnited Nations.
=859  \\$aXLD$bdatasets
=852  41$aBritish Library$bHMNTS$jOPB.2012.x.407
=985  \\$aCorrected by MS generated file for WR# 13.051
=CAT  \\$a5512$b40$c20121031$lBLL01$h1537
=CAT  \\$a10775$b40$c20121112$lBLL01$h0839
=CAT  \\$aBLSS-CORR$b00$c20130327$lBLL01$h1530
=CAT  \\$aWR13.117$c20130718$lBLL01$h1857
=CAT  \\$aBATCH-SWP$c20130727$lBLL01$h0053
=CAT  \\$aW1606-1753$c20171028$lBLL01$h1342
=FIN  \\$aY$d20121112
=SID  \\$aZ39$bOCLC
=LAS  \\$aW1606-1753$b00$c20171028$lBLL01$h1342

