=LDR  01290 am a22003737a 4500
=001  016209798
=003  Uk
=005  20121113160014.0
=008  121113s1729\\\\fr\\\\\\\\\\\\000\d\fre\\
=FMT  \\$a  BK
=040  \\$aUk$beng$cUk
=041  1\$afre$kgrc
=100  0\$aSophocles.
=240  10$aOedipus Rex.$lFrench.
=245  10$aOedipe,$ctragédie de Sophocle, et Les oiseaux, comédie d'Aristophane. Traduites par feu M. Boivin, de l'Académie françoise
=264  \1$aA Paris :$bchez Jean-Luc Nyon,$c1729.
=300  \\$a[4], 405, [3] pages ;$c17 cm. (12º)
=336  \\$atext$2rdacontent
=337  \\$aunmediated$2rdamedia
=338  \\$avolume$2rdacarrier
=340  \\$m12mo$2rdabf
=700  0\$aAristophanes.$tBirds$lFrench.
=859  \\$aXLD$bdatasets
=852  41$aBritish Library$bHMNTS$j73.i.22
=985  \\$aCorrected by MS generated file for WR# 1805-0738
=CAT  \\$a4278$b40$c20121113$lBLL01$h1559
=CAT  \\$a4278$b40$c20121113$lBLL01$h1600
=CAT  \\$aWR13.117$c20130718$lBLL01$h1857
=CAT  \\$aW1606-1753$c20171028$lBLL01$h1342
=CAT  \\$aBATCH-UPD$b00$c20171028$lBLL01$h1345
=CAT  \\$a1805-0738$c20181228$lBLL01$h1832
=CAT  \\$a1805-0738$b00$c20181228$lBLL01$h1916
=FIN  \\$aY$d20121113
=LAS  \\$a1805-0738$b00$c20181228$lBLL01$h1916

