=LDR  02249cam a22005777i 4500
=001  016224285
=003  Uk
=005  20121217103250.0
=008  121204s2012\\\\no\a\\\\\b\\\|0|0\0|eng\\
=FMT  \\$a  BK
=020  \\$a9788270178537 (paperback)
=020  \\$z9788270178544 (electronic)
=040  \\$aUk$beng$cUk$erda
=082  04$a552$223$qUK-WkNB
=100  1\$aIden, Kjersti,$eauthor.
=245  10$aLongyearbyen CO2-lab - core petrography /$cprepared by Kjersti Iden, Harald Johansen.
=264  \1$aKjeller, Norway :$bInstitute for Energy Technology,$c2012.
=300  \\$a26 pages, unnumbered sequence of pages :$billustrations (black and white, and colour) ;$c30 cm.
=336  \\$atext$2rdacontent
=337  \\$aunmediated$2rdamedia
=338  \\$avolume$2rdacarrier
=490  0\$aIFE/KR/E,$x0333-2039 ;$v2012/03
=504  \\$aIncludes bibliographical references.
=540  \\$aBritish Library not licensed to copy$c0$5Uk
=700  1\$aJohansen, Harald,$eauthor.
=710  2\$aInstitutt for energiteknikk,$epublisher.
=859  \\$aXLD$bdatasets
=852  41$aBritish Library$bDSC$j4520.558500
=985  \\$aCorrected by MS generated file for WR# 13.051
=CAT  \\$a7233$b40$c20121204$lBLL01$h0833
=CAT  \\$aBATCH-CLA$b00$c20121205$lBLL01$h1810
=CAT  \\$a11250$b40$c20121217$lBLL01$h0924
=CAT  \\$a11250$b40$c20121217$lBLL01$h0953
=CAT  \\$a11250$b40$c20121217$lBLL01$h1032
=CAT  \\$aIPL-CLA$c20121231$lBLL01$h1338
=CAT  \\$aIPL-CLA$c20130102$lBLL01$h1820
=CAT  \\$aBLSS-CORR$b00$c20130327$lBLL01$h1530
=CAT  \\$aBATCH-CLA$b00$c20130330$lBLL01$h1433
=CAT  \\$aIPL-CLA$c20130331$lBLL01$h1100
=CAT  \\$a540_fix$c20130403$lBLL01$h2018
=CAT  \\$aBATCH-CLA$b00$c20130508$lBLL01$h0722
=CAT  \\$aBATCH-CLA$b00$c20130602$lBLL01$h0156
=CAT  \\$aIPL-CLA$c20130701$lBLL01$h0155
=CAT  \\$aWR13.117$c20130718$lBLL01$h1857
=CAT  \\$aBATCH-CLA$b00$c20130719$lBLL01$h0049
=CAT  \\$aW1606-1753$c20171028$lBLL01$h1342
=CAT  \\$aBATCH-CLA$b00$c20171029$lBLL01$h0424
=CFI  0\$aBritish Library not licensed to copy$c0$e01-jul-2013$hC$iCFP Excluded$5Uk
=FIN  \\$aY$d20121217
=TCO  \\$aXXX$c008
=LAS  \\$aBATCH-CLA$b00$c20171029$lBLL01$h0424

