=LDR  01834pam a2200517 i 4500
=001  016226152
=003  Uk
=005  20150318103824.0
=008  121126s2013\\\\enkaf\\\\\\\\\001\0\eng\d
=FMT  \\$a  BK
=015  \\$aGBB2C3424$2bnb
=016  7\$a016226152$2Uk
=020  \\$a9781849905862 (hbk.) :$c£20.00
=020  \\$a9781849906814 (paperback)
=040  \\$aStDuBDS$beng$cStDuBDS$dUk$erda
=042  \\$aukblcatcopy
=082  04$a941.0099$223
=100  1\$aStarkey, David,$eauthor.
=245  10$aMusic & monarchy /$cDavid Starkey & Katie Greening ; based on the series written and presented by David Starkey.
=264  \1$aLondon :$bBBC Books,$c2013.
=300  \\$a378 pages, 16 unnumbered pages of plates :$billustrations (black and white, and colour) ;$c24 cm
=336  \\$atext$2rdacontent
=336  \\$astill image$2rdacontent
=337  \\$aunmediated$2rdamedia
=338  \\$avolume$2rdacarrier
=500  \\$aTV tie-in.
=504  \\$aIncludes bibliographical references and index.
=500  \\$aFormerly CIP.$5Uk
=650  \0$aMonarchy$zGreat Britain$xHistory.
=650  \0$aMusic$xSocial aspects$zGreat Britain.
=650  \0$aMusic$xPolitical aspects$zGreat Britain.
=650  \0$aMusic and state$zGreat Britain.
=651  \0$aGreat Britain$xCivilization.
=700  1\$aGreening, Katie,$eauthor.
=859  \\$aXLD$bdatasets
=852  41$aBritish Library$bHMNTS$jYC.2015.a.3889
=CAT  \\$aBATCH-CIPN$b00$c20121204$lBLL01$h1700
=CAT  \\$a6524$b40$c20130615$lBLL01$h1055
=CAT  \\$aWR13.117$c20130718$lBLL01$h1857
=CAT  \\$a6605$b40$c20150318$lBLL01$h1038
=CAT  \\$aWR16_021$c20160707$lBLL01$h1809
=CAT  \\$aW1606-1753$c20171028$lBLL01$h1342
=EXP  \\$aX$d20131231
=FIN  \\$aY$d20150318
=SRC  \\$aBDZ$bblihback
=LAS  \\$aW1606-1753$b00$c20171028$lBLL01$h1342

