=LDR  01853cem a2200601 a 4500
=001  014610650
=003  Uk
=005  20230223161100.0
=007  aj\canzn
=008  080530s2008\\\\enk\\\\\\\a\\\\\1\\\eng\d
=FMT  \\$a  MP
=016  \\$a014610650
=020  \\$a9780007257584 :$c£4.50
=020  \\$a0007257589
=034  1\$aa$b14900
=035  \\$a(OCoLC)229464462
=040  \\$aEQO$beng$cEQO$dOCLCQ$dUk
=042  \\$aukblderived
=043  \\$ae-uk-ni
=045  0\$bd2007
=082  04$a912.4167$223
=110  2\$aHarperCollins (Firm)
=245  10$aCollins streetfinder Belfast.
=246  30$aBelfast
=255  \\$aScale 1:14 900.
=260  \\$aLondon :$bCollins,$cc2008.
=300  \\$a1 map :$bcol. ;$c76 x 90 cm.
=336  \\$acartographic image$2rdacontent
=337  \\$aunmediated$2rdamedia
=338  \\$asheet$2rdacarrier
=500  \\$aCover title.
=500  \\$aIndex on verso.
=650  \0$aRoads$zNorthern Ireland$zBelfast$vMaps.
=651  \0$aBelfast (Northern Ireland)$vMaps.
=655  \7$aRoad maps.$2fast$0(OCoLC)fst01752673
=752  \\$aNorthern Ireland$dBelfast.
=859  \\$aXLD$bdatasets
=852  41$aBritish Library$bMAPS$jMaps 220.a.320.
=985  \\$aUpdated by MS generated file for WR2302-017
=CAT  \\$aBATCH-ALDL$b00$c20080509$lBLL01$h0907
=CAT  \\$a12323$b40$c20080724$lBLL01$h1559
=CAT  \\$a12323$b40$c20080724$lBLL01$h1600
=CAT  \\$a7889$b40$c20121113$lBLL01$h1428
=CAT  \\$aWR13.117$c20130718$lBLL01$h1857
=CAT  \\$aWR16_021$c20160620$lBLL01$h1810
=CAT  \\$aBATCH-016$c20160905$lBLL01$h1715
=CAT  \\$aW1606-1753$c20171028$lBLL01$h1330
=CAT  \\$aW2302-0174$c20230223$lBLL01$h1955
=FIN  \\$aY$d20121113
=LDO  \\$aALDL$bMA$c20080418$d4864616
=SID  \\$aZ39$bOCLC
=SRC  \\$aALDL
=LAS  \\$aW2302-0174$b00$c20230223$lBLL01$h1955

