=LDR  02141 aa a22005174a 4500
=001  014913837
=003  Uk
=005  20130114093035.0
=008  080812m20089999pl\a\\\\\b\\\\001\0dpol\c
=FMT  \\$a  BK
=020  \\$a9788373264861
=020  \\$a9788373264854 (set)
=020  \\$a9788373264861 (v. 1)
=020  \\$a9788373264878 (v. 2)
=020  \\$a9788373264885 (v. 3)
=020  \\$a9788373264892 (v. 4)
=020  \\$a9788373264777 (v. 5)
=040  \\$aPlWaKWL$bpol$cPlWaKWL$dUk
=245  00$aGdańskie Gimnazjum Akademickie /$c[komitet redakcyjny edycji Andrzej Ceynowa (przewodniczący) ... et al.].
=260  \\$aGdańsk :$bWydawnictwo Uniwersytetu Gdańskiego,$c2008-
=300  \\$av. :$bill. ;$c25 cm.
=336  \\$atext$2rdacontent
=337  \\$aunmediated$2rdamedia
=338  \\$avolume$2rdacarrier
=504  \\$aIncludes bibliographical references.
=505  1\$at. 1. Szkice z dziejów / pod redakcją Edmunda Kotarskiego -- t. 2. Wybór źródeł z XVI i XVII wieku / pod red. Lecha Mokrzeckiego -- t. 3. Wybór źródeł od XVI do XVIII wieku / pod red. Zbigniewa Nowaka -- t. 4. W progach Muz i Minerwy / pod red. Zofii Głombiowskiej -- t. 5. Źródła i artykuły / pod red. Lecha Mokrzeckiego and Mariusza Brodnickiego.
=610  20$aGdańskie Gimnazjum Akademickie$xHistory.
=650  \0$aSchools$zPoland$zGdańsk$xHistory.
=650  \0$aEducation$zPoland$zGdańsk$xHistory.
=700  1\$aCeynowa, Andrzej.
=700  1\$aKotarski, Edmund.
=700  1\$aMokrzecki, Lech.
=700  1\$aNowak, Zbigniew.
=700  1\$aGłombiowska, Zofia.
=859  \\$aXLD$bdatasets
=852  41$aBritish Library$bHMNTS$jZF.9.a.7153
=CAT  \\$aBATCH-LEX$b00$c20090223$lBLL01$h1426
=CAT  \\$aBATCH$b00$c20090223$lBLL01$h1430
=CAT  \\$a10695$b40$c20090526$lBLL01$h1514
=CAT  \\$a10695$b40$c20090526$lBLL01$h1515
=CAT  \\$a12420$b40$c20130114$lBLL01$h0914
=CAT  \\$a12420$b40$c20130114$lBLL01$h0930
=CAT  \\$aWR13.117$c20130718$lBLL01$h1857
=CAT  \\$aW1606-1753$c20171028$lBLL01$h1330
=FIN  \\$aY$d20090526
=LAS  \\$aW1606-1753$b00$c20171028$lBLL01$h1330

