=LDR  02147 am a2200529 a 4500
=001  016424105
=003  Uk
=005  20140227110533.0
=008  080407s2006\\\\it\af\\\\bc\\\001\0\ita\c
=FMT  \\$a  BK
=020  \\$a9788884502179
=020  \\$a8884502179
=035  \\$a(OCoLC)221520274$z(OCoLC)221862401
=040  \\$aC3L$beng$cSTF$dC3L$dFXM$dPAU$dUBY$dOCLCO$dOCLCQ$dOCLCO
=042  \\$apcc
=043  \\$ae-it---
=045  \\$ao0s9$at0u9
=050  14$aZ6611.B52$bB53 2003 vol.2
=082  04$a220$221
=245  00$aBibbie miniate della Biblioteca Medicea Laurenziana di Firenze.$nSecondo contributo /$ca cura di Laura Alidori [and others] ; presentazione di Franca Arduini ; prefazione di Claudio Leonardi.
=260  \\$aFirenze :$bSISMEL :$bEdizioni del Galluzzo,$c2006.
=300  \\$axxii, 358 pages, xvi, 32 pages of plates :$billustrations (some color) ;$c30 cm.
=336  \\$atext$btxt$2rdacontent
=337  \\$aunmediated$bn$2rdamedia
=338  \\$avolume$bnc$2rdacarrier
=490  1\$aBiblioteche e archivi ;$v15
=500  \\$aAt head of title: Biblioteca medicea laurenziana di Firenze. Fondazione Ezio Franceschini.
=504  \\$aIncludes bibliographical references (pages 325-329) and indexes.
=610  20$aBiblioteca medicea laurenziana$vCatalogs.
=630  00$aBible$xIllustrations$vCatalogs.
=630  00$aBible$xManuscripts$vCatalogs.
=650  \0$aManuscripts, Medieval$zItaly$zFlorence$vCatalogs.
=650  \0$aIllumination of books and manuscripts, Medieval$zItaly$zFlorence$vCatalogs.
=700  1\$aAlidori Battaglia, Laura.
=710  2\$aFondazione Ezio Franceschini.
=830  \0$aBiblioteche e archivi ;$v15.
=859  \\$aXLD$bdatasets
=852  41$aBritish Library$bHMNTS$cSPHOA$kMSS$hMSS 017.5723.
=CAT  \\$a9518$b40$c20130604$lBLL01$h1315
=CAT  \\$a8497$b40$c20140227$lBLL01$h1105
=CAT  \\$aBATCH-CORR$c20160706$lBLL01$h1110
=CAT  \\$aW1606-1753$c20171028$lBLL01$h1351
=CAT  \\$a14633$b40$c20180326$lBLL01$h1013
=CAT  \\$aBATCH-UPD$b40$c20180326$lBLL01$h1013
=FIN  \\$aY$d20140227
=SID  \\$aZ39$bOCLC
=LAS  \\$aBATCH-UPD$b40$c20180326$lBLL01$h1013

